2967 4384
385 247 482 293 xv.
518 233 609 306 1⁷]
1187 231 1418 290 mm
1452 231 1683 290 xxm
2380 231 2487 288 123

389 408 629 464 nactus
693 418 808 480 per
867 417 1161 463 sororem
1226 399 1519 479 quolibet
1580 398 1807 479 inpelli
1867 406 2209 462 amantem
2274 417 2485 478 posse,

396 500 556 582 quid
612 507 906 581 speraret
960 500 1050 564 ad
1107 499 1446 562 consulem
1507 498 1761 562 detulit.
1851 498 2035 577 Quae
2092 516 2248 561 cum
2301 499 2485 561 haud
2518 511 2588 563 11

293 613 301 618 ’
395 618 572 664 vana
613 599 924 680 cogitatio
968 599 1111 662 visa
1150 606 1342 677 esset,
1389 615 1506 678 pro
1552 598 1828 678 perfuga
1867 597 2085 661 iussus
2125 599 2486 662 Tarentum

390 700 695 779 transire,
751 719 831 763 ac
890 716 1004 780 per
1059 716 1352 762 sororem
1411 699 1744 776 praefecto
1802 697 2212 778 conciliatuS,
2272 699 2485 779 primo

394 800 649 863 occulte
698 798 1092 879 temptando
1141 797 1465 875 animum,
1523 796 1674 858 dein
1723 797 1883 860 satis
1935 799 2275 876 explorata
2324 799 2485 862 levi-

391 907 531 964 tate
567 898 904 962 blanditiis
938 896 1373 960 muliebribus
1410 896 1695 976 perpulit
1729 915 1885 960 eum
1917 898 2006 961 ad
2044 898 2485 978 proditionem

396 999 738 1063 custodiae
772 998 923 1078 loci,
963 997 1070 1060 cui
1109 996 1523 1078 praepositus
1559 1005 1722 1062 erat.
1811 997 1944 1060 Ubi
1980 1005 2045 1061 et
2082 998 2251 1061 ratio
2286 1018 2486 1079 agen·
2518 1006 2590 1058 12

399 1100 523 1163 dae
567 1099 661 1162 rei
704 1106 769 1163 et
812 1106 1077 1179 tempus
1123 1096 1456 1176 convenit,
1502 1096 1690 1159 miles
1734 1105 1930 1161 nocte
1978 1115 2093 1177 per
2135 1098 2487 1162 intervalla

394 1199 762 1262 stationum
810 1198 984 1261 clam
1032 1215 1112 1260 ex
1158 1196 1324 1260 urbe
1371 1196 1653 1259 emissus
1700 1214 1802 1276 ea,
1858 1215 2029 1278 quae
2076 1207 2227 1263 acta
2275 1208 2486 1278 erant,

400 1316 570 1380 quae
578 1316 704 1379 que
749 1306 825 1362 ut
871 1305 1222 1376 agerentur
1269 1304 1693 1375 convenerat,
1742 1297 1831 1359 ad
1880 1299 2220 1360 consulem
2266 1299 2486 1363 refert.

395 1398 641 1461 Fabius
689 1397 912 1477 vigilia
960 1397 1174 1477 prima
1221 1396 1377 1460 dato
1421 1396 1611 1476 signo
1655 1395 1758 1475 iis,
1809 1398 1921 1477 qui
1965 1397 2037 1458 in
2080 1416 2231 1461 arce
2276 1409 2487 1478 erant,
2521 1408 2594 1461 13

400 1499 646 1580 quique
679 1499 1051 1562 custodiam
1086 1506 1313 1578 portus
1344 1497 1705 1577 habebant,
1737 1497 1880 1577 ipse
1914 1498 2259 1562 circumito
2294 1507 2489 1578 portu

392 1600 483 1662 ab
532 1599 797 1679 regione
846 1599 1030 1661 urbis
1079 1598 1151 1659 in
1201 1598 1523 1662 orientem
1576 1616 1767 1660 versa
1819 1599 2118 1662 occultus
2164 1600 2487 1663 consedit.

394 1700 645 1762 Canere
687 1699 845 1761 inde
888 1698 1093 1762 tubae
1137 1698 1336 1761 simul
1381 1698 1470 1760 ab
1516 1715 1668 1761 arce
1713 1697 1912 1760 simul
1958 1716 1999 1759 a
2050 1706 2245 1777 portu
2290 1707 2354 1762 et
2400 1700 2488 1761 ab
2522 1703 2596 1755 14

393 1798 705 1878 navibus,
753 1817 923 1880 quae
965 1798 1054 1861 ab
1097 1807 1328 1878 aperto
1371 1797 1543 1862 mari
1584 1799 1907 1876 adpulsae
1951 1806 2162 1878 erant,
2210 1799 2489 1862 clamor-

400 1917 528 1980 que
594 1897 892 1979 undique
960 1916 1116 1961 cum
1181 1897 1433 1978 ingenti
1500 1898 1817 1977 tumultu,
1886 1898 2065 1961 unde
2133 1897 2490 1960 minimum

399 1998 672 2079 periculi
699 2006 863 2078 erat,
897 1998 977 2062 de
1003 1997 1332 2062 industria
1361 2005 1567 2062 ortus.
1658 1998 1905 2062 Consul
1932 1997 2200 2062 interim
2228 1997 2489 2062 silentio

397 2098 780 2163 continebat
853 2115 1031 2161 suos.
1119 2098 1328 2178 Igitur
1398 2099 1849 2178 DemocrateS,
1929 2098 2041 2179 qui
2119 2099 2491 2178 praefectus
2524 2103 2595 2157 15

397 2206 597 2261 antea
650 2198 876 2260 classis
928 2198 1171 2276 fuerat,
1222 2198 1395 2261 forte
1448 2198 1562 2260 illo
1614 2199 1761 2261 loco
1788 2197 2256 2277 -praepositus,
2314 2207 2489 2278 post—

402 2315 608 2377 quam
657 2297 880 2379 quieta
928 2297 1154 2360 omnia
1201 2298 1375 2361 circa
1420 2316 1491 2360 se
1541 2298 1730 2377 vidit,
1778 2299 1943 2360 alias
1994 2307 2214 2378 partes
2260 2293 2363 2361 eo'
2384 2308 2491 2362 tu-

397 2398 616 2461 multu
664 2414 1038 2478 personare,
1084 2405 1158 2460 ut
1206 2406 1441 2476 captae
1486 2397 1671 2460 urbis
1715 2397 2053 2460 interdum
2098 2397 2491 2462 excitaretur

396 2498 671 2576 clamor,
737 2497 1007 2575 verituS,
1069 2513 1153 2558 ne
1215 2496 1386 2561 inter
1449 2496 1944 2560 cunctationem
2004 2514 2199 2559 suam
2260 2498 2491 2560 consul
2524 2509 2596 2560 16

382 2597 698 2678 aliquam
747 2596 886 2658 vim
929 2596 1176 2660 faceret
1224 2615 1304 2660 ac
1349 2596 1541 2676 signa
1587 2596 1879 2675 inferret,
1932 2596 2335 2675 praesidium
2400 2598 2490 2660 ad

395 2714 644 2777 arcem,
704 2698 884 2761 unde
945 2695 1233 2759 maxime
1294 2695 1603 2760 terribilis
1663 2695 2009 2760 accidebat
2071 2714 2295 2776 sonus,
2356 2705 2490 2760 tra-

401 2795 604 2860 ducit.
692 2796 939 2859 Fabius
978 2814 1133 2859 cum
1171 2804 1237 2860 et
1276 2813 1356 2858 ex
1393 2795 1711 2875 temporis
1751 2795 1968 2875 spatio
2008 2803 2070 2859 et
2113 2814 2191 2858 ex
2229 2795 2490 2860 silentio
2522 2803 2596 2854 17

396 2895 566 2975 ipso,
608 2896 808 2976 quod,
844 2895 964 2958 ubi
1002 2897 1202 2975 paulo
1237 2904 1392 2960 ante
1426 2896 1813 2974 strepebant
1848 2894 2208 2959 excitantes
2247 2913 2489 2958 vocan-

397 3003 630 3075 tesque
685 2996 774 3058 ad
830 3013 1041 3074 arma,
1097 2995 1254 3058 inde
1311 2995 1496 3058 nulla
1552 2995 1897 3058 accidebat
1958 3013 2108 3074 vox,
2172 2995 2489 3059 deductas

399 3094 734 3159 custodias
785 3095 1116 3173 sensisset,
1166 3094 1324 3157 ferri
1375 3096 1588 3157 scalas
1639 3094 1727 3156 ad
1778 3113 1930 3157 eam
1985 3103 2239 3174 partem
2290 3096 2486 3174 muri,

402 3214 534 3276 qua
599 3195 1009 3260 Bruttiorum
1073 3194 1413 3258 cohortem
1482 3194 1885 3274 praesidium
1950 3195 2201 3273 agitare
2271 3197 2488 3274 prodi-

449 3377 527 3421 11.
582 3384 683 3429 91⁶0
713 3375 967 3429 perfilsa:
1019 3375 1212 3425 :specie
1240 3375 1392 3415 Cram-
1541 3376 1619 3420 14.
1675 3383 1897 3421 081101·θῖ
1934 3375 2198 3418 historical
2232 3377 2488 3419 infinitivo

390 3443 558 3495 suque.
611 3443 674 3484 ιθ.
695 3445 734 3484 7.
755 3444 792 3485 6.
1486 3443 1703 3494 parallel
1729 3448 1784 3484 to
1802 3445 1888 3484 the
1907 3443 2052 3484 finite
2069 3445 2207 3491 verb,
2225 3443 2483 3493 ortussest).

450 3511 528 3556 12.
583 3511 943 3555 convenerat:
982 3511 1068 3552 the
1109 3509 1307 3559 subject
1347 3509 1393 3550 is
1539 3511 1619 3555 15.
1674 3510 1777 3555 1110
1816 3510 1960 3554 loco:
2005 3510 2221 3552 locative
2265 3511 2487 3553 ablativo

396 3577 584 3627 quaeat
600 3576 879 3628 operantum·
904 3577 1028 3617 “the
1044 3577 1394 3627 perior-mance
1484 3576 1685 3618 instead
1720 3577 1776 3617 01'
1804 3578 1891 3618 the
1924 3577 2097 3618 dative
2132 3576 2257 3617 with
2280 3586 2486 3627 praepo-

396 3645 451 3684 ot
467 3644 634 3686 which
650 3644 750 3686 had
769 3645 894 3685 been
911 3643 1093 3694 agreed
1111 3644 1302 3694 upon.'’
1485 3642 1617 3683 οίειιε.
2282 3645 2289 3648 ·

449 3712 529 3756 18.
583 3711 654 3756 ab
691 3709 919 3762 regione
952 3740 966 3753 .
991 3740 1003 3754 .
1028 3741 1040 3753 .
1072 3717 1258 3753 versa:
1278 3712 1394 3760 “op-
1540 3711 1620 3753 1¹7.
1675 3708 2016 3760 proditionis
2129 3708 2483 3754 conciliator:

398 3777 561 3830 posite
595 3778 682 3819 the
713 3779 918 3818 eastern
956 3776 1163 3828 portion
1210 3776 1265 3816 ot
1309 3776 1394 3816 the
1489 3776 1739 3818 translate
1772 3778 1839 3826 by
1866 3785 1896 3817 a
1924 3776 2139 3817 relative
2169 3777 2359 3823 clause;
2392 3779 2488 3818 “he

398 3843 552 3899 city.’·
1488 3844 1602 3883 who
1619 3843 1719 3884 had
1738 3843 1987 3894 arranged
2006 3844 2093 3884 the
2110 3842 2387 3896 ωτι-αῖον·
