2967 4384
472 2424 508 2474 2
542 2419 704 2480 satis
751 2420 1161 2484 declarabat.

539 235 612 292 46
1444 231 1507 294 ⁴1⁸.
1548 234 1714 297 1.1v1

2406 242 2567 312 [xlvi.
2595 237 2632 298 '2

540 412 832 474 consulis
889 413 1135 475 vulnus
1192 413 1701 495 periculumque
1733 415 2111 479 intercursu
2145 423 2293 479 tum
2332 415 2631 495 primum

467 522 504 574 8
542 514 968 592 pubescentis
1012 515 1108 576 fili
1157 517 1648 596 propulsatum.
1739 517 1867 579 Hic
1914 517 2039 580 erit
2085 517 2373 597 iuveniS,
2424 534 2629 598 penes

543 633 744 694 quem
781 616 1056 695 perfecti
1089 617 1366 680 huiusce
1404 617 1558 680 belli
1590 617 1739 680 laus
1772 623 1895 697 est,
1929 613 2287 681 Africanus
2323 618 2408 679 ob
2442 635 2628 697 egre—

537 715 721 794 giam
782 717 1134 780 victoriam
1197 717 1276 780 de
1335 718 1721 781 Hannibale
1780 719 2155 799 Poenisque
2213 718 2624 799 appellatus.

468 823 505 874 9
538 817 722 894 Fuga
761 822 990 880 tamen
1025 819 1240 880 effusa
1276 818 1726 881 iaculatorum
1762 837 2077 882 maxume
2112 819 2271 898 fuit,
2300 837 2468 898 quos
2494 818 2627 898 pri-

540 934 685 978 mos
711 918 1042 981 Numidae
1068 919 1493 999 invaserunt3
1538 920 1713 982 alius
1737 920 2078 982 confertus
2100 920 2442 1000 equitatus
2466 937 2628 981 con-

538 1016 754 1078 sulem
785 1017 858 1077 in
889 1019 1192 1081 medium
1223 1025 1581 1099 acceptum
1613 1038 1751 1081 non
1782 1020 1988 1082 armis
2022 1020 2229 1081 modo
2262 1019 2381 1081 sed
2416 1019 2629 1082 etiam

541 1120 933 1197 corporibus
984 1120 1122 1183 suis
1178 1128 1529 1200 protegens
1578 1121 1650 1182 in
1702 1127 1921 1184 castra
1971 1138 2316 1201 nusquam
2366 1119 2629 1199 trepide

538 1236 759 1297 neque
793 1221 1005 1283 effuse
1040 1221 1342 1283 cedendo
1376 1221 1665 1284 reduxit.

712 1320 973 1383 XLVII.
1023 1322 1169 1382 Hoc
1200 1321 1492 1400 primum
1518 1339 1674 1384 cum
1696 1306 2082 1383 Hannibale
2113 1320 2444 1399 proelium
2465 1319 2630 1399 fuit;

545 1435 677 1497 quo
714 1419 912 1483 facile
951 1421 1269 1500 apparuit
1308 1422 1615 1502 equitatu
1646 1420 1994 1483 meliorem
2028 1424 2331 1484 Poenum
2370 1437 2512 1483 esse
2560 1425 2630 1481 et

542 1517 628 1578 ob
663 1518 733 1578 id
770 1538 1046 1599 campos
1085 1521 1395 1600 patentiS,
1437 1521 1666 1601 quales
1701 1525 1858 1582 sunt
1890 1520 2066 1582 inter
2100 1521 2363 1583 Padum
2394 1520 2629 1599 Alpes-

470 1626 505 1677 2
546 1635 696 1697 que,
752 1619 925 1681 bello
974 1619 1268 1698 gerendo
1317 1620 1643 1682 Romanis
1692 1625 1889 1700 aptos
1939 1638 2078 1681 non
2128 1638 2293 1682 esse.

2385 1620 2629 1698 Itaque

545 1718 848 1796 proxima
900 1725 1095 1782 nocte
1148 1720 1345 1782 iussis
1397 1719 1725 1782 militibus
1782 1738 1945 1782 vasa
1997 1719 2263 1781 silentio
2318 1719 2629 1797 colligere

543 1823 760 1880 castra
793 1817 883 1881 ab
918 1820 1148 1882 Ticino
1183 1825 1369 1881 mota
1400 1819 1934 1900 festinatumque
1968 1820 2057 1881 ad
2095 1821 2360 1883 Padum
2394 1824 2516 1898 est,
2552 1824 2630 1880 ut

541 1918 823 1998 ratibus,
864 1920 1108 1999 quibus
1142 1919 1451 1981 iunxerat
1485 1919 1762 1997 flumen,
1797 1919 2107 1981 nondum
2140 1919 2449 1982 resolutis
2484 1918 2629 1980 sine

542 2018 840 2081 tumultu
876 2025 1082 2098 atque
1119 2018 1559 2081 insectatione
1599 2018 1810 2081 hostis
1850 2020 2079 2099 copias
2119 2020 2449 2081 traiceret.

715 2120 854 2181 LII.
903 2121 1050 2181 Iam
1087 2119 1293 2181 ambo
1332 2119 1639 2182 consules
1677 2125 1743 2180 et
1786 2119 2120 2199 quidquid
2160 2120 2629 2180 Romanorum

545 2218 791 2281 virium
818 2225 961 2282 erat
989 2219 1359 2283 Hannibali
1389 2220 1779 2299 oppositum
1804 2225 1925 2282 aut
1952 2219 2083 2281 illis
2114 2220 2324 2299 copiis
2357 2218 2630 2280 defendi

546 2336 736 2396 posse
768 2319 1157 2381 Romanum
1184 2320 1547 2398 imperium
1574 2325 1695 2382 aut
1726 2338 1919 2399 spem
1948 2319 2211 2381 nullam
2239 2319 2449 2381 aliam
2480 2335 2625 2381 esse

1249 2421 1506 2482 Tamen
1549 2421 1783 2482 consul
1824 2421 1995 2483 alter
2036 2419 2330 2501 equestri
2376 2418 2629 2499 proelio

542 2536 679 2580 uno
711 2524 776 2582 et
811 2520 1084 2582 vulnere
1118 2539 1241 2582 suo
1272 2520 1575 2582 minutus
1608 2520 1785 2582 trahi
1802 2539 1945 2582 rem
1968 2520 2295 2599 malebat3
2340 2518 2629 2582 recentis

541 2620 752 2681 animi
776 2622 946 2684 alter
970 2640 1183 2701 eoque
1205 2620 1494 2682 ferocior
1515 2620 1775 2683 nullam
1804 2620 2195 2683 dilationem
2222 2619 2626 2699 patiebatur.

474 2720 510 2771 3
542 2720 736 2798 Quod
792 2722 966 2784 inter
1021 2723 1334 2784 Trebiam
1406 2722 1805 2800 Padumque
1860 2721 2004 2799 agri
2060 2726 2183 2798 est,
2244 2719 2415 2782 Galli
2482 2724 2629 2780 tum

594 2904 640 2946 7.
695 2904 815 2947 tum
856 2904 1098 2956 primum
1150 2902 1535 2955 pubescentis:

545 2971 921 3022 “approaching
955 2972 1259 3013 manhood.'’
1313 2971 1389 3011 He
1431 2979 1538 3011 was

543 3037 664 3077 then
691 3043 970 3080 seventeen.

593 3107 640 3149 8.
695 3106 826 3150 erit:
856 3106 986 3156 Livy
1003 3106 1206 3156 glauces
1224 3104 1335 3146 into
1357 3105 1442 3144 the
1463 3105 1539 3144 iu-

544 3177 668 3213 ture.
724 3174 769 3212 A
797 3172 994 3213 similar
1023 3172 1244 3223 stylistic
1261 3180 1352 3212 use
1369 3172 1423 3210 ot
1451 3172 1538 3211 the

542 3240 715 3280 future
728 3240 771 3280 is
783 3238 1078 3290 trequentin
1091 3238 1331 3289 Cariyle’s
1340 3237 1536 3277 French

542 3307 860 3349 Revolution.
914 3313 1106 3357 penes:
1151 3314 1183 3346 a
1216 3303 1536 3356 proposition

541 3374 664 3415 used
698 3373 824 3414 with
856 3382 1035 3413 names
1065 3373 1120 3411 ot
1152 3380 1364 3422 persons
1398 3371 1532 3420 only.

540 3438 780 3491 »effecti
827 3438 988 3482 belli:
1059 3447 1139 3478 see
1181 3436 1538 3477 Introduction

541 3506 678 3548 VIII.
709 3507 747 3546 7.
820 3504 1142 3550 victoriam:
1180 3505 1267 3544 the
1297 3504 1457 3545 battle
1483 3506 1539 3545 or

542 3574 709 3619 zama,
728 3574 804 3612 202
820 3579 920 3612 Rc.

592 3641 638 3683 9.
694 3639 865 3683 alius:
884 3639 1002 3680 “the
1012 3641 1119 3679 rest
1129 3635 1232 3678 <51:2⁹
1270 3636 1533 3682 cedendo:

540 3706 666 3748 with
700 3705 997 3756 practically
1017 3706 1102 3745 the
1119 3713 1259 3745 same
1293 3704 1535 3754 meaning

541 3783 598 3814 as
631 3772 808 3812 cedem.
865 3772 926 3811 In
956 3771 1061 3811 late
1089 3770 1261 3818 Latin,
1280 3771 1366 3810 the
1401 3771 1537 3810 abla-

542 3840 645 3880 tive
675 3839 729 3877 ot
761 3839 845 3878 the
875 3837 1132 3887 gerundis
1153 3837 1440 3886 frequently
1470 3846 1535 3876 an
1576 3870 1583 3884 ,

1632 2904 1922 2953 equivalent
1940 2905 1993 2943 ot
2012 2904 2097 2944 the
2122 2907 2329 2952 present
2344 2900 2625 2952 participle.

1682 2971 1885 3010 XLVII.
1943 2970 1988 3014 1.
2044 2968 2324 3020 equitatu:
2346 2968 2632 3010 ablativeot

1632 3042 1842 3088 respect.
1954 3026 1959 3029 ⁵

1677 3105 1724 3148 2.
1775 3111 1918 3148 vasa.
1938 3102 2226 3154 colligere:
2242 3103 2469 3144 soldiers'
2483 3101 2631 3151 slang

1631 3171 1711 3210 ror
1732 3171 1980 3220 “packing
2007 3171 2126 3220 up.'’

1630 3236 1883 3280 LII-LVI.
1911 3237 2026 3281 The
2041 3236 2226 3280 Battle
2239 3235 2405 3280 ofthe
2416 3235 2628 3279 Trebia.

1681 3303 1788 3344 LII.
1847 3304 1893 3348 1.
1965 3304 2122 3348 ambo
2169 3303 2448 3348 consules:
2495 3302 2630 3342 Sem-

1628 3370 1840 3420 pronius
1873 3371 2081 3421 Longus
2117 3371 2217 3411 had
2251 3371 2376 3411 been
2416 3367 2629 3409 recalled

1629 3438 1764 3477 trom
1784 3436 1940 3486 Sicily
1958 3437 2058 3478 and
2076 3437 2177 3477 had
2196 3437 2372 3477 united
2384 3436 2466 3476 his
2482 3444 2630 3486 army

1630 3504 1754 3543 with
1762 3505 1876 3543 that
1885 3504 1938 3543 or
1952 3501 2120 3554 Scipio
2132 3507 2188 3544 at
2199 3504 2285 3543 the
2296 3503 2432 3542 river
2438 3501 2630 3544 Trebia.

1630 3569 1971 3620 oppositum:
2016 3573 2070 3611 to
2108 3570 2168 3610 be
2202 3568 2476 3610 connected
2502 3567 2629 3607 with

1635 3634 1849 3676 consules
1860 3646 1917 3677 as
1928 3636 2040 3676 well
2053 3645 2109 3677 as
2122 3633 2353 3685 quidquid
2359 3635 2457 3681 ,the
2470 3633 2631 3674 whole

1630 3703 1856 3752 forming
1877 3704 1962 3743 the
1979 3701 2177 3750 subject
2195 3702 2249 3740 of
2267 3698 2549 3740 declarabat.

1682 3771 1728 3813 2.
1783 3768 2054 3813 minutus:
2084 3777 2151 3808 sc.
2175 3765 2350 3820 animi;
2378 3765 2631 3805 ⁸·discour-

1632 3836 1806 3885 aged.‘’
