2967 4384
523 256 632 314 108
1445 255 1510 311 Τ.
1547 251 1715 312 L1v1
2452 251 2533 322 [v.
2561 249 2631 308 1¹?

413 445 486 499 ιτ
519 429 980 508 spectaculum
1033 427 1213 490 cives
1253 427 1635 506 hostesque.
1726 427 2035 488 Ceterum
2084 431 2443 505 postquam
2492 424 2631 487 iam

518 531 611 592 ad
650 530 841 608 signa
883 534 1277 608 pervenerat
1315 528 1797 607 Hispanorum,
1838 533 1987 589 tum
2023 527 2323 606 undique
2363 525 2434 588 in
2473 542 2630 588 eum

520 631 822 708 tragulae
861 629 1206 691 coniectae
1253 634 1319 690 et
1369 645 1573 706 prope
1619 633 1764 690 tota
1808 627 1879 688 in
1924 644 2139 688 unum
2184 626 2359 689 acies
2406 643 2628 705 versa3

517 731 639 794 sed
679 747 761 791 ne
771 747 896 808 que
937 729 1299 791 multitudo
1339 728 1637 790 hostium
1677 746 1759 790 ne
1768 745 1894 807 que
1934 729 2221 789 telorum
2262 726 2365 789 vis
2403 743 2627 789 arcere

449 833 483 886 1
517 828 849 907 impetum
896 829 1037 891 eius
1085 829 1212 891 viri
1262 834 1644 907 potuerunt.
1732 829 1843 890 VI.
1890 829 1975 890 Et
2023 829 2113 889 M.
2162 826 2402 889 Atilius
2446 828 2626 906 lega-

517 935 629 990 tus
690 929 886 1007 primi
947 928 1262 1007 principis
1319 948 1398 991 ex
1454 929 1693 990 eadem
1748 928 2005 1008 legione
2062 927 2328 1006 signum
2382 926 2625 989 inferre

516 1028 587 1089 in
644 1029 988 1091 cohortem
1039 1029 1500 1107 Hispanorum
1553 1027 1801 1107 coepit3
1855 1033 1921 1089 et
1982 1028 2094 1107 qui
2147 1026 2379 1090 castris
2436 1044 2625 1106 prae-

517 1134 707 1190 erant
747 1128 820 1191 L.
864 1128 1136 1189 Porcius
1177 1128 1442 1190 Licinus
1484 1133 1550 1189 et
1590 1129 1662 1189 T.
1706 1127 2003 1206 Popilius
2041 1127 2240 1206 legati
2286 1145 2402 1206 pro
2444 1128 2623 1188 vallo

515 1228 757 1291 acriter
830 1234 1257 1307 propugnant
1329 1229 1853 1307 elephantosque
1924 1227 2481 1306 transgredientes
2552 1227 2623 1288 in

445 1333 493 1388 2'
515 1328 663 1407 ipso
703 1328 882 1390 vallo
921 1327 1302 1390 conficiunt.
1393 1327 1694 1406 Quorum
1732 1327 2121 1406 corporibus
2160 1345 2316 1389 cum
2353 1327 2622 1406 oppleta

515 1427 697 1489 fossa
752 1432 944 1505 esset,
1003 1429 1187 1490 velut
1242 1444 1478 1506 aggere
1538 1433 1654 1489 aut
1714 1433 1911 1505 ponte
1967 1427 2208 1489 iniecto
2264 1427 2621 1488 transitum

512 1525 820 1588 hostibus
873 1527 1072 1589 dedit.
1163 1526 1267 1587 Ibi
1314 1544 1515 1604 super
1562 1534 1853 1605 stragem
1897 1527 2261 1588 iacentium
2306 1526 2621 1604 elephan-

444 1630 481 1683 3
513 1632 741 1687 torum
791 1633 980 1688 atrox
1031 1627 1211 1688 edita
1262 1629 1522 1689 caedeS.
1611 1628 1837 1689 Altera
1885 1626 1956 1687 in
2011 1633 2195 1706 parte
2251 1633 2619 1689 castrorum

513 1725 652 1786 iam
691 1721 962 1804 impulsi
1002 1732 1192 1788 erant
1233 1726 1562 1804 Campani
1602 1726 2063 1805 Punicumque
2108 1725 2511 1804 praesidium
2551 1731 2617 1788 et

512 1824 639 1886 sub
690 1825 838 1903 ipsa
891 1832 1082 1904 porta
1134 1825 1424 1903 Capuae,
1484 1843 1652 1904 quae
1702 1827 2108 1887 Vulturnum
2157 1826 2306 1902 fert,
2364 1843 2617 1904 pugna-

443 1931 480 1983 4
516 1923 742 2002 batur;
793 1941 1010 2004 neque
1063 1931 1206 1986 tam
1258 1925 1500 1987 armati
1552 1924 2090 2004 inrumpentibus
2142 1925 2462 1987 Romanis
2515 1943 2617 1986 re-

512 2023 859 2101 sistebant,
897 2041 1101 2103 quam
1135 2030 1326 2102 porta
1360 2024 1637 2087 ballistis
1669 2024 2260 2103 scorpionibusque
2291 2025 2615 2086 instructa

444 2134 480 2186 5
515 2123 881 2186 missilibus
913 2125 1141 2202 procul
1166 2123 1376 2186 hostis
1406 2124 1698 2187 arcebat.
1786 2125 1872 2186 Et
1897 2124 2261 2202 suppressit
2285 2125 2614 2203 impetum

515 2221 976 2287 Romanorum
1031 2225 1276 2285 vulnus
1329 2223 1748 2302 imperatoris
1801 2225 1926 2303 Ap.
1983 2224 2239 2302 Claudi,
2296 2224 2403 2286 cui
2455 2241 2613 2287 suos

513 2329 668 2384 ante
712 2322 925 2401 prima
962 2322 1151 2403 signa
1188 2323 1574 2385 adhortanti
1611 2323 1736 2385 sub
1773 2325 1967 2386 laevo
2004 2342 2234 2385 umero
2272 2341 2612 2386 summum

515 2429 744 2500 pectus
807 2441 1005 2502 gaeso
1069 2423 1280 2485 ictum
1342 2429 1461 2486 est.
1552 2424 1799 2503 Magna
1863 2423 1965 2485 vis
2026 2429 2254 2485 tamen
2316 2423 2612 2486 hostium

395 2603 401 2607 ἡ
511 2529 665 2584 ante
730 2529 993 2601 portam
1049 2528 1147 2585 est
1205 2540 1420 2601 caesa,
1480 2523 1680 2585 ceteri
1735 2523 1977 2602 trepidi
2032 2523 2103 2584 in
2159 2523 2397 2602 urbem
2454 2541 2611 2586 con-

443 2637 479 2690 6
516 2622 707 2699 pulsi.
797 2623 882 2684 Et
945 2622 1310 2701 Hannibal,
1382 2630 1741 2702 postquam
1770 2631 1779 2638 ’
1804 2622 2091 2685 cohortis
2154 2620 2611 2704 Hispanorum

509 2728 801 2801 stragem
862 2722 1031 2784 vidit
1092 2739 1490 2800 summaque
1555 2723 1623 2784 vi
1685 2729 1902 2784 castra
1960 2723 2256 2784 hostium
2321 2723 2609 2800 defendi,

511 2823 758 2884 omissa
790 2823 1286 2901 oppugnatione
1318 2823 1607 2900 recipere
1640 2823 1829 2902 signa
1860 2829 1925 2885 et
1956 2830 2337 2886 convertere
2369 2841 2611 2903 agmen

514 2939 592 2999 pe
603 2923 815 2983 ditum
865 2922 1122 2985 obiecto
1173 2922 1260 2984 ab
1310 2929 1495 3001 tergo
1545 2922 1870 3000 equitatu,
1920 2940 2003 2984 ne
2052 2923 2262 2986 hostis
2310 2924 2608 3001 instaret,

441 3033 476 3084 '7
513 3021 751 3100 coepit.
841 3021 1208 3101 Legionum
1261 3022 1460 3082 ardor
1513 3020 1746 3100 ingens
1801 3022 1888 3083 ad
1942 3022 2205 3084 hostem
2257 3022 2611 3102 insequen-

516 3122 678 3182 dum
705 3119 863 3197 fuit3
891 3122 1168 3183 Flaccus
1196 3119 1492 3199 receptui
1522 3120 1672 3182 cani
1700 3119 1911 3197 iussit,
1942 3121 2102 3183 satis
2133 3123 2220 3183 ad
2249 3128 2609 3202 utrumque

514 3220 888 3298 profectum
920 3226 1127 3297 ratuS,
1163 3225 1238 3281 ut
1274 3226 1336 3283 et
1372 3219 1721 3298 Campani,
1763 3237 1965 3299 quam
1997 3221 2184 3283 haud
2216 3226 2506 3284 multum
2541 3225 2612 3284 in

509 3320 889 3382 Hannibale
935 3321 1245 3400 praesidii
1285 3327 1478 3399 esset,
1521 3326 1587 3382 et
1626 3319 1767 3399 ipse
1808 3321 2150 3384 Hannibal
2192 3323 2483 3385 sentiret.

561 3552 645 3592 VI.
702 3551 748 3597 1.
804 3551 975 3603 primi
1058 3551 1357 3603 principis:
1424 3553 1512 3594 the
1613 3551 1853 3604 ticularly
1872 3553 1937 3603 by
1957 3553 2041 3593 the
2059 3552 2233 3595 Gauls.

512 3618 679 3659 leader
696 3620 750 3658 ot
769 3620 854 3658 the
874 3619 987 3659 first,
1005 3619 1244 3670 maniple.
1662 3621 1710 3664 ’1.
1765 3619 2074 3669 profectum
2110 3622 2301 3670 (οπως
2338 3622 2472 3661 from
2501 3629 2613 3670 pro-

562 3685 608 3729 3.
664 3685 1025 3730 Vulturnum:
1049 3685 1271 3726 without,
1285 3695 1316 3726 a
1333 3694 1509 3736 prepo-
1602 3684 1745 3735 ,βο-ίῳ·
1764 3687 2046 3728 “sufficient
2064 3688 2351 3738 advantage
2371 3689 2467 3728 had
2484 3690 2613 3730 been

510 3751 680 3797 simion,
710 3753 922 3792 because
957 3761 988 3792 a
1022 3753 1126 3791 tort
1156 3761 1223 3791 on
1255 3753 1341 3792 the
1371 3752 1510 3792 river
1611 3752 1842 3801 gained.”
1923 3761 2090 3804 quam
2136 3753 2288 3798 haud
2348 3754 2610 3800 multum:
2654 3763 2660 3768 ”

511 3817 798 3857 Vulturnus
817 3818 861 3856 is
880 3823 1052 3858 meant
1074 3819 1154 3866 (25.
1177 3819 1238 3856 20.
1261 3821 1318 3864 2).
1615 3820 1759 3858 “how
1778 3819 1961 3859 little.”

564 3884 609 3926 ὃ.
664 3891 852 3933 gaeso:
866 3885 1100 3924 amissile
1115 3884 1378 3934 employed
1397 3893 1508 3934 par-
