2967 4384
470 225 546 284 oe
1381 222 1443 278 τ.
1481 220 1648 280 nvr
2370 222 2511 293 [viii.
2538 221 2576 277 4

406 414 445 466 4
474 401 564 463 Hi
612 400 1003 480 priusquam
1064 398 1320 477 aliquid
1382 403 1750 476 moverent,
1816 397 2357 475 conloquendum
2420 414 2576 458 cum

476 500 856 563 Hannibale
894 500 1044 577 rati,
1083 506 1277 561 nocte
1319 516 1434 578 per
1471 498 1761 577 speciem
1799 497 2092 560 venandi
2129 497 2295 558 urbe
2335 497 2575 577 egressi

408 610 443 661 5
477 601 567 663 ad
600 617 755 662 eum
792 599 1316 679 proficiscuntur.
1406 601 1491 660 Et
1525 615 1681 659 cum
1710 597 1896 659 haud
1933 597 2162 677 procul
2195 597 2423 658 castris
2456 597 2577 658 ab-

477 706 716 779 essent,
769 700 966 762 ceteri
1015 699 1185 761 silva
1237 716 1441 778 prope
1491 697 1676 761 viam
1722 715 1862 759 sese
1913 697 2365 775 occuluerunt,
2415 697 2574 758 Nico

478 807 543 862 et
595 800 1018 862 Philemenus
1073 798 1399 880 progressi
1449 798 1541 861 ad
1592 797 1909 860 stationes
1962 796 2574 876 comprehensique,

410 904 449 956 6
479 901 654 961 ultro
708 899 778 961 id
836 904 1154 979 petenteS‚
1210 899 1300 960 ad
1353 897 1819 982 Hannibalem·
1866 897 2131 959 deducti
2184 903 2360 959 sunt.
2450 897 2577 977 Qui

481 1018 636 1061 cum
674 1005 738 1063 et
777 1017 1012 1063 causas
1051 998 1307 1061 consilii
1361 999 1464 1060 sui
1519 1005 1605 1077 et,
1650 998 1809 1077 quid
1867 1003 2199 1078 pararent,
2240 997 2579 1077 exposuis-

481 1106 649 1178 sent,
685 1099 1068 1163 conlaudati
1102 1099 1489 1177 oneratique
1528 1098 1866 1179 promissis
1899 1097 2234 1176 iubentur,
2267 1103 2343 1158 ut
2374 1098 2579 1158 fidem

485 1199 918 1280 popularibus
957 1200 1253 1261 facerent
1296 1199 1666 1279 praedandi
1707 1215 1907 1260 causa
1948 1217 2015 1259 se
2056 1197 2221 1259 urbe
2264 1215 2577 1278 egressoS,

486 1319 724 1380 pecora
761 1297 1430 1379 Carthaginiensium,
1473 1316 1642 1377 quae
1684 1304 1951 1377 pastum
1989 1300 2304 1378 propulsa
2341 1302 2578 1374 essent,

412 1405 450 1459 7
483 1402 572 1463 ad
630 1400 868 1462 urbem
926 1419 1146 1481 agere:
1192 1405 1338 1462 tuto
1398 1417 1477 1461 ac
1539 1399 1677 1461 sine
1740 1399 2098 1461 certamine
2159 1399 2229 1459 id
2288 1399 2581 1460 facturos

488 1501 887 1579 promissum
924 1506 1040 1562 est.
1133 1499 1504 1578 Conspecta
1541 1517 1619 1561 ea
1659 1500 1908 1578 praeda
1943 1498 2267 1560 iuvenum
2302 1505 2420 1576 est,
2458 1497 2582 1558 mi-

483 1617 742 1680 nusque
787 1601 1030 1663 iterum
1072 1618 1151 1663 ac
1196 1600 1462 1680 saepius
1506 1599 1578 1661 id
1621 1618 1734 1661 eos
1778 1600 2021 1661 audere
2067 1599 2387 1661 miraculo
2431 1598 2577 1659 fuit.

413 1704 452 1756 8
487 1700 829 1781 Congressi
861 1718 1016 1762 cum
1060 1700 1440 1762 Hannibale
1485 1685 1715 1761 rursus
1759 1699 1890 1760 fide
1936 1704 2297 1760 sanxerunt
2342 1698 2581 1759 liberos

486 1800 872 1862 Tarentinos
927 1801 1103 1880 leges
1160 1818 1315 1862 suas
1371 1817 1627 1878 suaque
1686 1799 1910 1861 omnia
1965 1799 2312 1860 habituros
2366 1814 2581 1876 neque

485 1900 700 1960 ullum
763 1901 1046 1978 vectigal
1109 1900 1330 1961 Poeno
1399 1917 1721 1979 pensuros
1788 1899 2274 1978 praesidiumve
2339 1898 2583 1960 invitos

417 2011 454 2062 9
488 2004 900 2079 recepturos;
943 1999 1107 2061 haec
1139 1999 1257 2060 ubi
1283 2005 1760 2077 convenerunt,
1787 2005 1945 2060 tunc
1975 2017 2130 2060 vero
2162 1998 2583 2060 Philemenus

488 2099 1037 2160 consuetudinem
1077 2104 1269 2160 nocte
1314 2099 1704 2179 egrediundi
1744 2099 2198 2176 redeundique
2239 2098 2309 2158 in
2348 2097 2586 2159 urbem

486 2199 1002 2277 frequentiorem
1045 2199 1283 2261 facere.
1374 2200 1460 2260 Et
1504 2203 1645 2261 erat
1689 2198 1982 2260 venandi
2024 2198 2245 2260 studio
2286 2197 2582 2277 insignis,

378 2306 451 2358 10
486 2316 814 2376 canesque
888 2303 951 2359 et
1021 2298 1192 2360 alius
1264 2303 1630 2377 apparatus
1682 2298 2118 2376 sequebatur3
2178 2303 2583 2376 captumque

485 2398 691 2459 ferme
737 2397 992 2475 aliquid
1037 2401 1155 2457 aut
1200 2396 1289 2458 ab
1333 2397 1524 2459 hoste
1571 2417 1650 2459 ex
1700 2402 2093 2476 praeparato
2139 2399 2441 2459 adlatum
2484 2415 2585 2458 re-

489 2503 760 2576 portans
798 2496 1090 2558 donabat
1124 2502 1240 2558 aut
1279 2498 1611 2576 praefecto
1645 2504 1762 2559 aut
1795 2496 2183 2559 custodibus
2220 2503 2580 2576 portarum.

485 2597 686 2658 Nocte
719 2596 1006 2659 maxime
1041 2613 1413 2660 commeare
1450 2604 1718 2677 propter
1750 2603 2005 2659 metum
2036 2597 2331 2658 hostium
2363 2598 2584 2658 crede-

381 2698 450 2750 11
489 2696 670 2758 bant.
761 2697 892 2757 Ubi
943 2696 1081 2757 iam
1131 2714 1209 2758 eo
1263 2697 1761 2759 consuetudinis
1813 2698 2107 2758 adducta
2159 2714 2261 2757 res
2314 2701 2432 2774 est,
2482 2702 2580 2774 ut,

492 2813 909 2875 quocumque
944 2797 1158 2858 noctis
1189 2803 1486 2876 tempore
1522 2796 1715 2858 sibilo
1752 2797 2036 2858 dedisset
2070 2797 2355 2875 signum,
2394 2801 2583 2874 porta

487 2896 873 2975 aperiretur,
931 2883 1197 2975 tempus
1255 2898 1551 2976 agendae
1610 2897 1704 2958 rei
1760 2895 2126 2957 Hannibali
2185 2896 2405 2956 visum
2461 2900 2578 2956 est.

384 2999 454 3051 12
486 2995 712 3056 Tridui
762 2995 946 3057 viam
992 2995 1258 3072 aberat3
1301 2992 1619 3074 ubi,'quo
1668 2995 1891 3056 minus
1937 2996 2184 3056 mirum
2230 2999 2399 3056 esset
2444 3011 2581 3055 uno

489 3095 854 3173 eodemque
909 3095 1056 3156 loco
1111 3095 1358 3157 stativa
1412 3110 1568 3156 eum
1620 3101 1763 3156 tam
1819 3095 1932 3156 diu
1984 3095 2253 3172 habere,
2308 3111 2583 3172 aegrum

384 3212 455 3263 13
487 3195 868 3256 simulabat.
958 3195 1280 3255 Romanis
1332 3211 1617 3272 quoque,
1670 3194 1781 3271 qui
1827 3194 1897 3254 in
1947 3194 2271 3272 praesidio
2318 3193 2581 3254 Tarenti

489 3300 696 3371 erant,
767 3299 1075 3371 suspecta
1141 3311 1279 3355 esse
1347 3293 1485 3355 iam
1552 3292 1768 3372 segnis
1835 3311 2023 3354 mora
2090 3294 2229 3354 eius
2280 3294 2578 3355 desierat.

539 3492 587 3534 4.
643 3497 742 3541 per
759 3488 1484 3542 speciemvenand1:“osten-
1634 3490 1713 3533 10.
1769 3470 1837 3534 ei
1855 3491 2219 3541 praeparato:
2238 3491 2335 3540 “by
2349 3499 2580 3540 arrange·

491 3557 621 3608 sibly
643 3563 694 3597 to
713 3557 894 3599 hunt..’'
1580 3557 1771 3596 ment.'’
1824 3555 1915 3597 See
1936 3556 2306 3602 nIntroduction
2332 3557 2466 3597 VIII.
2488 3557 2523 3596 6.

543 3625 590 3667 6.
643 3626 888 3675 pastum:
909 3623 1101 3674 supine.
1634 3624 1713 3667 11.
1780 3622 2226 3667 consuetudinis:
2298 3623 2580 3674 depending

543 3691 590 3735 ’1.
644 3690 848 3735 minus:
867 3694 1079 3732 connect.
1096 3690 1223 3732 with
1253 3688 1484 3731 miraculo
1582 3699 1721 3741 upon
1754 3699 1821 3730 eo.
1884 3690 1969 3730 “It
2008 3690 2107 3730 had
2151 3689 2355 3731 become
2389 3690 2513 3732 such
2546 3699 2579 3732 a.

495 3756 605 3801 fuit.
1583 3757 1728 3798 habit,
1745 3757 1872 3797 with
1890 3756 2051 3796 him.”

483 3848 488 3858 ·
544 3824 590 3867 9.
645 3822 850 3868 faeere:
872 3824 1134 3865 historical
1151 3824 1418 3865 infinitive.
1635 3824 1713 3866 12.
1770 3830 2019 3874 aegrum:
2040 3832 2104 3863 sc.
2128 3832 2176 3862 ee
2192 3831 2300 3864 eoae.
