2967 4384
396 277 516 332 xiv.
538 275 598 343 4]
1245 276 1475 330 mun
1514 275 1693 352 m
2428 275 2500 328 ατ

404 448 805 529 praebebat;
850 467 934 512 ne
944 466 1070 528 que
1097 450 1416 511 universo
1448 449 1743 528 periculo
1769 465 2039 511 summa
2062 465 2290 510 rerum
2315 465 2499 511 com·
2532 460 2603 513 10

399 550 802 612 mittebatur
849 555 914 611 et
967 567 1180 628 parva
1226 556 1575 611 momenta
1620 548 1876 611 levium
1923 549 2370 610 certaminum
2418 566 2497 609 ex

396 655 548 713 tuto
583 656 980 728 coeptorum
1012 649 1435 728 finitimoque
1469 656 1744 728 receptu
1778 648 2333 711 adsuefaciebant
2365 653 2495 709 ter-

397 749 608 812 ritum
644 748 942 829 pristinis
977 748 1286 811 cladibus
1319 748 1606 811 militem
1636 748 1862 810 minus
1894 747 2034 810 iam
2064 748 2344 809 tandem
2376 754 2496 809 aut

400 849 672 912 virtutis
712 855 832 911 aut
872 849 1187 911 fortunae
1232 847 1572 927 paenitere
1613 864 1799 909 suae.
1888 846 2016 908 Sed
2056 864 2194 909 non
2232 846 2495 909 Hanni·
2528 863 2599 914 11

401 949 626 1011 balem
654 949 870 1029 magis
898 948 1225 1010 infestum
1252 953 1394 1009 tam
1422 946 1606 1009 sanis
1635 946 1930 1008 consiliis
1958 946 2255 1008 habebat
2289 962 2493 1024 quam

396 1049 797 1129 magistrum
829 1048 1157 1127 equitum,
1199 1046 1312 1126 qui
1342 1046 1510 1107 nihil
1556 1045 1756 1124 aliud,
1795 1063 1997 1124 quam
2033 1047 2214 1124 quod
2272 1045 2493 1124 impar
2592 1059 2602 1070 ·

395 1156 543 1211 erat
582 1148 890 1228 imperio,
924 1166 1153 1209 morae
1215 1148 1304 1209 ad
1341 1164 1486 1209 rem
1530 1144 1875 1226 publicam
1914 1145 2492 1224 praecipitandam

396 1248 718 1310 habebat.
839 1248 1050 1309 Ferox
1107 1247 1523 1326 rapidusque
1601 1245 1896 1308 consiliis
1954 1237 2032 1307 ac
2094 1245 2326 1326 lingua
2389 1246 2491 1306 in-

396 1347 708 1410 modicus
731 1347 946 1426 primo
965 1348 1140 1408 inter
1161 1364 1435 1426 paucos,
1468 1346 1622 1408 dein
1645 1346 1998 1424 propalam
2015 1344 2086 1406 in
2104 1346 2347 1425 vulgus
2369 1363 2490 1424 pro

396 1453 788 1509 cunctatore
820 1465 1118 1526 segnem,
1145 1464 1265 1526 pro
1297 1453 1498 1508 cauto
1522 1444 1865 1522 timidum,
1886 1446 2237 1524 adfingens
2265 1444 2489 1507 vicina
2524 1459 2597 1510 12

396 1547 766 1608 virtutibus
805 1546 995 1625 vitia,
1037 1545 1467 1624 conpellabat
1510 1545 2010 1624 premendoque
2040 1544 2487 1624 superiorem,

401 1662 572 1725 quae
633 1647 923 1726 pessima
977 1664 1087 1709 ars
1125 1645 1327 1708 nimis
1374 1645 1710 1724 prosperis
1754 1645 2126 1707 multorum
2171 1644 2488 1708 successi-

393 1745 518 1808 bus
551 1747 775 1824 crevit,
807 1764 946 1808 sese
978 1745 1354 1808 extollebat.

570 1846 744 1908 XIV.
793 1846 884 1908 Ut
944 1863 1128 1923 vero,
1193 1851 1560 1924 postquam
1617 1847 1707 1908 ad
1765 1848 2176 1908 Vulturnum
2233 1846 2486 1907 flumen
2519 1859 2553 1910 1

396 1951 620 2007 castra
680 1952 837 2007 sunt
903 1946 1142 2024 posita,
1207 1945 1614 2010 exurebatur
1674 1946 2189 2008 amoenissimus
2249 1944 2484 2007 Italiae
2543 1966 2550 1974 ·

395 2064 557 2124 ager
615 2045 814 2107 villae
825 2062 950 2124 que
1014 2044 1266 2125 passim
1321 2045 1653 2108 incendiis
1709 2045 2093 2124 fumabant,
2157 2063 2272 2124 per
2326 2045 2485 2124 iuga

395 2144 669 2207 Massici
718 2145 968 2207 montis
1017 2145 1227 2206 Fabio
1282 2146 1588 2223 ducente,
1640 2153 1787 2209 tum
1840 2164 2043 2225 prope
2099 2147 2177 2208 de
2226 2146 2484 2225 integro

395 2244 638 2306 seditio
664 2262 977 2322 accensa3
1029 2245 1422 2324 quieverant
1456 2245 1639 2307 enim
1672 2263 1787 2324 per
1824 2263 2074 2324 paucos
2113 2245 2273 2322 dies,
2304 2245 2483 2323 quia,
2517 2265 2554 2316 2

396 2359 556 2405 cum
607 2344 886 2406 celerius
937 2345 1133 2406 solito
1169 2346 1447 2406 ductum
1498 2363 1743 2424 agmen
1794 2352 1988 2424 esset,
2041 2346 2344 2408 festinari
2396 2345 2484 2406 ad

400 2443 895 2522 prohibendam
945 2444 1498 2523 populationibus
1545 2446 1993 2524 Campaniam
2038 2445 2482 2507 crediderant.

395 2543 485 2604 Ut
525 2561 685 2605 vero
735 2545 807 2604 in
856 2549 1155 2605 extrema
1203 2545 1362 2623 iuga
1410 2543 1681 2606 Massici
1731 2545 1981 2607 montis
2029 2550 2311 2607 ventum
2360 2550 2483 2622 est,
2516 2560 2552 2612 3

395 2649 464 2704 et
510 2644 738 2705 hostes
783 2644 910 2704 sub
959 2643 1170 2705 oculis
1216 2650 1411 2713 erant-
1455 2644 1720 2705 Falerni
1766 2645 1910 2724 agri
1957 2647 2483 2723 colonorumque

395 2741 748 2806 Sinuessae
803 2749 983 2805 tecta
1027 2751 1299 2805 urentes
1346 2761 1469 2805 nec
1516 2744 1657 2805 ulla
1704 2751 1847 2808 erat
1894 2745 2146 2807 mentio
2199 2762 2483 2824 pugnae,

397 2841 811 2921 ‘Spectatum
851 2843 1007 2905 huc’
1051 2842 1272 2922 inquit
1314 2843 1652 2905 Minucius
1696 2844 1794 2905 ‘ut
1836 2845 1925 2906 ad
1967 2863 2110 2906 rem
2131 2845 2483 2906 fruendam
2516 2855 2555 2906 4

449 3024 528 3069 10.
585 3031 821 3068 summa:
854 3033 934 3065 see
977 3025 1039 3064 21.
1079 3026 1114 3064 1.
1151 3026 1186 3064 1.
1259 3023 1393 3064 “The
1486 3034 1669 3066 verses.
1724 3024 2042 3076 premendo:
2073 3025 2483 3076 “disparaging.”

396 3099 597 3131 success
638 3091 693 3131 ot
731 3091 817 3131 the
858 3091 1129 3141 campaign
1161 3100 1267 3132 was
1299 3094 1393 3132 not

394 3158 565 3198 risked
583 3159 651 3209 by
665 3157 762 3206 (lit.
778 3159 1042 3199 entrusted
1056 3159 1132 3208 to)
1149 3157 1394 3208 ageneral
1485 3141 1751 3184 XIV-XV·
1880 3144 1927 3186 2·
2017 3141 2336 3194 01)ΡοΒὶῒίῡῦ
2429 3142 2492 3184 Of

394 3225 781 3274 engagement-”
831 3223 1091 3268 virtutis:
1127 3224 1256 3265 with
1283 3231 1394 3274 pae—
1847 3209 2134 3271 Minucius.

394 3289 556 3336 nitere,
574 3292 658 3330 the
676 3289 901 3340 genitive
935 3290 989 3330 of
1024 3291 1173 3332 “that
1199 3291 1393 3332 toward
1543 3293 1587 3337 1.
1634 3291 2483 3337 vu1turnumflumenzflann1ba1

394 3357 561 3398 which
579 3358 665 3396 the
683 3357 869 3406 feeling
885 3356 932 3398 is
949 3355 1219 3398 directed.‘’
1490 3360 1589 3400 had
1618 3359 1818 3400 crossed
1852 3359 1940 3399 the
1972 3358 2273 3399 mountains
2298 3359 2398 3399 and
2417 3359 2483 3408 by

447 3424 527 3467 11.
581 3431 792 3468 morae:
837 3428 1051 3464 connect.
1091 3425 1216 3465 with
1269 3423 1396 3464 nihil
1490 3435 1558 3466 an
1573 3434 1716 3466 error
1743 3426 1801 3466 of
1825 3424 1908 3465 his
1936 3424 2103 3476 gulde,
2125 3425 2224 3465 had
2254 3425 2379 3465 been
2403 3424 2483 3465 led

393 3489 543 3529 aliud·
1490 3496 1545 3532 to
1586 3491 1880 3538 Casilinum.
1914 3500 2040 3532 near
2081 3490 2255 3541 Capua
2288 3499 2355 3530 on
2398 3491 2485 3530 the

444 3557 526 3600 12.
581 3564 708 3608 pro:
744 3557 980 3598 “instead
1008 3559 1111 3599 of.'‘
1163 3558 1392 3603 cuncta-
1488 3558 1626 3599 river
1641 3559 1942 3600 Volturnus.

391 3621 508 3666 tor:
545 3624 632 3664 the
668 3624 945 3665 honorable
975 3624 1090 3666 title
1107 3627 1162 3665 oi'
1189 3625 1390 3666 Fabius.
1540 3626 1589 3669 2.
1643 3623 1834 3668 solito:
1863 3633 1944 3665 see
1961 3625 1997 3664 2.
2019 3625 2056 3664 2.

399 3690 648 3739 Compare
709 3690 797 3730 the
863 3699 1034 3731 verses
1081 3691 1137 3730 of
1196 3691 1396 3734 Ennius
1538 3692 1587 3735 4.
1643 3689 2188 3742 spectatumzsupine.
2225 3688 2483 3733 fruenda:

391 3756 581 3806 quoted
615 3755 684 3806 by
713 3755 904 3804 Cicero,
928 3756 1042 3796 Cato
1069 3756 1226 3796 Maior
1257 3759 1294 3797 4.
1333 3758 1393 3800 10.
1489 3759 1553 3799 cf.
1569 3755 1811 3806 potienda,
1840 3758 1903 3796 21.
1920 3756 1982 3796 45.
2004 3757 2041 3796 9.
2094 3754 2487 3805 numuszgeni-

391 3821 564 3862 “Unus
615 3821 758 3862 homo
811 3822 950 3863 nobie
1011 3823 1273 3863 cunctando
1329 3833 1398 3863 re·
1492 3825 1597 3865 tivo
1612 3825 1668 3864 of
1684 3821 2028 3872 nemo‚·ob;lect
2044 3823 2099 3863 of
2114 3820 2341 3864 emotion
2358 3822 2485 3861 with

391 3886 547 3928 stituit
615 3890 766 3935 rem‚”
835 3889 936 3930 and
1001 3890 1088 3931 the
1140 3889 1398 3942 following
1486 3889 1648 3940 pudet.
1701 3889 1925 3931 “Shame
1942 3889 1999 3930 in
2016 3889 2103 3929 the
2120 3897 2357 3940 presence
2379 3889 2468 3929 ot.’
