2967 4384
531 283 638 336 106
851 249 857 256 ’
1457 284 1522 337 τ.
1562 283 1727 339 Lm
2472 282 2573 352 [iv.
2602 283 2637 336 3

462 467 496 518 3
529 454 925 530 temptandi.
1017 454 1326 515 Ceterum
1375 454 1446 514 in
1496 454 1724 515 multis
1775 452 2253 516 certaminibus
2301 453 2638 531 equestria

533 554 780 631 proelia
825 554 1031 614 ferme
1083 571 1398 631 prospera
1441 553 1803 632 faciebant,
1854 555 2072 632 pedite
2119 553 2632 632 superabantur.

528 653 656 714 Sed
703 670 1136 731 nequaquam
1180 659 1322 715 tam
1367 655 1621 714 laetum
1654 653 1915 715 vincere
1969 636 2173 732 quam
2216 650 2403 715 triste
2450 653 2632 715 vinci

526 753 665 813 ulla
702 758 888 831 parte
927 758 1069 813 erat
1104 751 1192 813 ab
1229 752 1500 814 obsesso
1536 758 1600 814 et
1641 770 1843 831 prope
1881 758 2260 832 expugnato
2295 753 2508 815 hoste.

459 852 492 904 1
698 853 775 914 V.
823 852 994 913 Cum
1025 852 1095 911 in
1126 852 1254 913 hoc
1288 857 1469 913 statu
1503 853 1593 913 ad
1626 853 1929 930 Capuam
1960 871 2065 914 res
2098 859 2337 931 essent,
2370 853 2633 914 Hanni-

532 951 750 1013 balem
795 951 1134 1013 diversum
1171 952 1565 1013 Tarentinae
1608 953 1779 1014 arcis
1824 952 2183 1030 potiundae
2226 953 2493 1032 Capuae
2503 971 2630 1031 que

457 1056 493 1107 2
526 1051 908 1113 retinendae
947 1051 1304 1113 trahebant
1342 1068 1563 1114 curae.
1653 1051 1824 1114 Vicit
1861 1059 2090 1114 tamen
2127 1058 2464 1132 respectus
2504 1054 2631 1115 Ca-

529 1170 722 1231 puae,
758 1151 828 1212 in
868 1169 1072 1231 quam
1105 1151 1409 1213 omnium
1441 1152 1776 1214 sociorum
1806 1152 2235 1232 hostiumque
2272 1171 2628 1215 conversos

526 1251 800 1314 videbat
871 1252 1153 1329 animos,
1231 1252 1631 1314 documento
1702 1253 1990 1330 futurae,
2070 1254 2625 1332 qualemcumque

454 1355 491 1407 3
525 1358 843 1414 eventum
882 1351 1160 1414 defectio
1197 1352 1284 1413 ab
1321 1352 1644 1414 Romanis
1677 1351 2041 1414 habuisset.
2132 1353 2342 1432 Igitur
2376 1371 2627 1432 magna

527 1458 710 1530 parte
751 1452 1384 1530 impedimentorum
1425 1452 1654 1514 relicta
1702 1452 1773 1512 in
1821 1452 2096 1514 Bruttiis
2139 1458 2204 1514 et
2247 1453 2429 1513 omni
2471 1471 2625 1531 gra-

523 1553 704 1614 viore
752 1557 1018 1614 armatu
1063 1568 1219 1613 cum
1269 1552 1534 1614 delectis
1585 1569 1663 1630 pe
1673 1551 1885 1613 ditum
1930 1552 2365 1632 equitumque
2416 1570 2623 1632 quam

525 1657 782 1729 poterat
824 1651 1208 1729 aptissimus
1249 1651 1336 1712 ad
1379 1652 1862 1713 maturandum
1902 1651 2027 1713 iter
2067 1651 2137 1711 in
2180 1651 2621 1729 Campaniam

521 1751 882 1813 contendit.
976 1750 1194 1812 Secuti
1250 1757 1479 1811 tamen
1535 1756 1678 1812 tam
1733 1751 1982 1828 raptim
2038 1758 2307 1813 euntem
2363 1757 2495 1813 tres
2552 1756 2620 1812 et

451 1860 487 1912 4
519 1851 789 1928 triginta
841 1849 1196 1928 elephanti.
1287 1851 1367 1909 In
1419 1850 1592 1910 valle
1646 1851 1904 1911 occulta
1959 1856 2107 1928 post
2157 1850 2376 1912 Tifata
2426 1868 2619 1910 mon-

517 1955 654 2011 tem
725 1951 1185 2011 imminentem
1258 1949 1526 2026 Capuae
1601 1949 1919 2012 consedit.
2008 1951 2389 2012 Adveniens
2461 1967 2618 2010 cum

519 2051 863 2113 castellum
911 2048 1241 2111 Galatiam
1291 2047 1619 2126 praesidio
1669 2049 1736 2110 vi
1787 2051 1975 2128 pulso
2025 2050 2324 2128 cepisset,
2373 2049 2443 2108 in
2490 2048 2616 2110 cir-

448 2154 482 2205 5
518 2148 961 2211 cumsedentis
1021 2149 1324 2226 Capuam
1381 2165 1449 2209 se
1513 2147 1731 2225 vertit,
1796 2148 2302 2227 praemissisque
2362 2148 2615 2222 nuntiis

516 2251 839 2329 Capuam,
878 2267 1007 2327 quo
1038 2254 1335 2326 tempore
1369 2254 1587 2309 castra
1618 2248 1925 2310 Romana
1955 2249 2387 2327 adgressurus
2418 2255 2610 2326 esset,

514 2357 588 2411 ut
637 2351 873 2411 eodem
919 2354 984 2410 et
1031 2348 1126 2409 illi
1175 2348 1263 2409 ad
1310 2347 1729 2425 eruptionem
1780 2347 1993 2426 parati
2045 2348 2251 2426 portis
2300 2348 2612 2410 omnibus

445 2452 481 2504 6
514 2468 653 2511 sese
723 2449 1162 2524 effunderent,
1231 2446 1569 2526 ingentem
1642 2446 1944 2525 praebuit
2011 2453 2351 2510 terrorem.
2438 2449 2612 2509 Nam

512 2550 644 2612 alia
682 2555 865 2628 parte
899 2548 1039 2627 ipse
1076 2548 1350 2609 adortus
1383 2552 1503 2624 est,
1540 2546 1672 2608 alia
1706 2546 2032 2625 Campani
2066 2565 2317 2625 omnes,
2354 2548 2610 2625 equites

515 2649 922 2729 peditesque,
965 2654 1029 2710 et
1070 2664 1225 2710 cum
1263 2645 1343 2707 iis
1383 2645 1711 2708 Punicum
1756 2647 2181 2725 praesidium,
2224 2648 2331 2710 cui
2372 2649 2610 2709 Bostar

443 2751 478 2802 '7
510 2757 575 2811 et
623 2751 868 2811 Hanno
921 2753 1288 2827 praeerant,
1337 2746 1576 2824 erupit.
1666 2746 1956 2808 Romani
1989 2753 2065 2809 ut
2111 2747 2181 2807 in
2216 2766 2285 2809 re
2320 2747 2601 2826 trepida,

510 2868 592 2911 ne
641 2851 729 2912 ad
773 2867 983 2911 unam
1028 2847 1479 2909 concurrendo
1533 2853 1790 2924 partem
1834 2847 2089 2926 aliquid
2134 2847 2461 2910 indefensi
2506 2865 2608 2908 re-

441 2951 478 3001 8
509 2951 906 3028 linquerent,
935 2948 1029 3010 ita
1054 2948 1224 3008 inter
1250 2964 1389 3008 sese
1418 2945 1645 3022 copias
1676 2947 1898 3024 partiti
1925 2954 2108 3024 sunt;
2133 2948 2258 3026 Ap.
2289 2947 2607 3009 Claudius

509 3049 890 3127 Campanis,
952 3047 1225 3107 Fulvius
1284 3044 1651 3106 Hannibali
1709 3051 1808 3108 est
1870 3047 2242 3126 oppositus;
2303 3047 2373 3109 C.
2432 3047 2604 3108 Nero

512 3156 899 3229 propraetor
936 3167 1093 3210 cum
1129 3144 1465 3225 equitibus
1504 3163 1615 3206 sex
1652 3146 1991 3225 legionum
2028 3147 2160 3225 via,
2206 3165 2374 3226 quae
2413 3146 2605 3208 Sues-

559 3365 604 3410 3.
659 3364 967 3409 faciebant:
989 3373 1053 3403 sc.
1083 3360 1332 3410 Campani.
1401 3367 1499 3411 pe·
1604 3360 1714 3401 tion
1731 3360 1777 3402 is
1794 3360 1850 3402 1n
1869 3362 2173 3413 apposition.

507 3434 646 3478 dite:
677 3433 872 3473 treazed
905 3441 962 3472 as
988 3431 1301 3471 instrument.
1326 3429 1502 3468 rather
1654 3429 1702 3472 3.
1756 3429 2001 3473 armatu:
2036 3429 2347 3469 :aq-matura,

508 3503 634 3541 than
653 3501 819 3549 agent..
872 3497 940 3539 Or
952 3499 994 3537 it
1013 3507 1130 3546 may
1153 3499 1211 3536 be
1230 3496 1501 3537 construed
1651 3496 1702 3540 4.
1755 3495 2235 3540 circumsedentis:
2253 3506 2319 3537 sc.
2340 3493 2601 3538 Romanos.

507 3578 564 3609 as
583 3567 805 3608 ablativo
823 3567 877 3606 ot
895 3556 1256 3616 specification.
1653 3563 1701 3606 ’1.
1754 3561 2051 3607 indefensi:
2088 3563 2335 3616 partitive
2377 3563 2603 3615 genitive

556 3634 613 3674 V.
672 3633 719 3682 1.
789 3630 1075 3674 diversum
1170 3627 1498 3673 trahebant:
1603 3629 1728 3669 with
1752 3628 1949 3679 aliquid.

509 3704 668 3740 “were
686 3699 1042 3749 distracting.”
1093 3696 1244 3741 arcis
1271 3695 1500 3748 potiun-
1656 3698 1701 3739 8.
1758 3695 2100 3741 Suessulam:
2145 3697 2413 3738 southeast.
2465 3697 2599 3737 from

506 3768 629 3811 dae:
652 3777 732 3806 see
750 3767 810 3804 21.
835 3766 896 3805 45.
919 3765 959 3806 9.
1603 3764 1785 3812 Capua.
1845 3763 2065 3806 sociali:
2107 3761 2400 3802 :sociormm
2457 3764 2595 3804 Com-

556 3835 603 3876 2.
655 3832 1002 3877 documento:
1025 3831 1110 3871 the
1127 3829 1298 3871 dative
1315 3831 1370 3870 or
1386 3839 1503 3881 pur·
1602 3839 1724 3880 pare
1760 3831 1845 3869 the
1879 3831 2064 3880 phrase
2106 3830 2308 3870 “Social
2345 3830 2515 3870 War.·‘
2569 3838 2599 3873 e

505 3909 636 3951 pose.
693 3899 797 3938 'Phe
832 3897 1092 3948 following
1126 3897 1342 3938 indirect.
1359 3907 1501 3948 ques·
1604 3896 1856 3948 regionet
1880 3896 1965 3936 “in
1985 3898 2070 3936 the
2087 3896 2335 3936 direction
2352 3897 2455 3936 ot.”
