2967 4384
493 241 602 301 128
1411 244 1472 301 Τ.
1518 242 1685 300 ml
2352 243 2508 314 [xliii.
2541 242 2579 300 4

491 419 797 499 Verginio
853 419 1124 482 tribuno
1181 418 1472 481 militum
1533 419 1815 482 ducendi
1872 420 1960 482 ad
2005 419 2363 482 Claudium
2418 438 2578 482 con-

419 532 456 586 5
489 522 703 583 sulem
735 521 1112 583 traduntur.
1202 522 1388 582 Duae
1424 520 1623 582 simul
1657 526 1916 582 turmae
1952 519 2351 583 Samnitium
2389 539 2576 600 prae-

488 621 640 684 sidii
681 637 885 683 causa
924 619 1184 683 missae.
1274 620 1400 699 Qui
1437 620 1558 681 ubi
1598 621 1686 682 ad
1727 622 2067 683 consulem
2110 627 2575 700 pervenerunt,

487 723 876 799 litteraeque
925 722 1131 783 lectae
1185 738 1299 799 per
1346 720 1773 799 interpretem
1820 727 1999 799 sunt,
2050 727 2114 784 et
2164 739 2244 783 ex
2293 721 2577 801 captivis

420 835 458 886 6
492 819 942 903 percunctatio
993 821 1195 898 facta,
1246 827 1394 883 tum
1444 820 1761 882 Claudius
1812 839 1949 882 non
1998 820 2069 883 id
2118 828 2383 901 tempus
2436 840 2576 884 esse

487 923 583 986 rei
641 924 941 1003 publicae
996 929 1201 1001 ratuS,
1263 940 1392 1000 quo
1447 921 1735 984 consiliis
1790 921 2138 984 ordinariis
2197 922 2577 1001 provinciae

487 1041 647 1086 suae
688 1024 962 1102 quisque
996 1023 1242 1084 finibus
1277 1040 1391 1101 per
1425 1023 1745 1084 exercitus
1778 1039 1933 1084 suos
1966 1040 2122 1084 cum
2154 1024 2341 1085 hoste
2381 1021 2577 1085 desti-

419 1132 456 1184 7
486 1130 647 1186 nato
679 1125 766 1186 ab
799 1130 1033 1186 senatu
1068 1124 1315 1185 bellum
1344 1129 1624 1203 gereret3
1654 1123 2042 1185 audendum
2074 1141 2151 1184 ac
2182 1123 2578 1184 novandum

487 1225 742 1303 aliquid
800 1223 1261 1303 improvisum,
1319 1223 1762 1302 inopinatum,
1828 1222 2001 1302 quod
2069 1229 2380 1302 coeptum
2438 1241 2576 1284 non

486 1325 814 1387 minorem
879 1325 1060 1404 apud
1126 1325 1304 1386 cives
1373 1341 1577 1402 quam
1639 1325 1860 1385 hostes
1924 1329 2241 1385 terrorem
2305 1323 2574 1401 faceret,

491 1431 941 1504 perpetratum
1010 1423 1080 1485 in
1149 1441 1467 1504 magnam
1534 1422 1858 1504 laetitiam
1927 1442 2006 1485 ex
2077 1441 2321 1503 magno
2391 1417 2575 1484 met'u

417 1536 456 1587 8
488 1532 792 1603 verteret,
827 1525 1059 1587 litteris
1094 1523 1534 1586 Hasdrubalis
1569 1525 1857 1586 Romam
1891 1524 1979 1585 ad
2014 1530 2322 1586 senatum
2357 1523 2575 1584 missis

485 1625 684 1687 simul
730 1631 794 1687 et
839 1625 980 1703 ipse
1030 1631 1246 1704 patres
1293 1623 1720 1701 conscriptoS,
1774 1623 1931 1701 quid
1981 1629 2265 1702 pararet,
2315 1624 2573 1685 edocet:

484 1731 582 1804 ut,
644 1742 798 1786 curn
856 1725 926 1785 in
986 1724 1265 1786 Umbria
1321 1743 1391 1786 se
1451 1740 1880 1786 occursurum
1940 1724 2324 1785 Hasdrubal
2383 1723 2575 1784 fratri

415 1834 452 1886 9
485 1826 752 1903 scribat,
796 1825 1123 1904 legionem
1165 1843 1208 1886 a
1250 1823 1481 1902 Capua
1523 1825 1811 1886 Romam
1853 1829 2211 1901 arcessant,
2261 1823 2576 1885 dilectum

484 1927 738 1987 Romae
779 1924 1092 2002 habeant,
1136 1924 1495 1986 exercitum
1533 1923 1870 1985 urbanum
1912 1924 1999 1985 ad
2038 1923 2357 1985 Narniam
2397 1922 2572 1984 hosti

379 2038 452 2091 10
484 2031 848 2104 opponant.
938 2025 1120 2086 Haec
1173 2024 1432 2085 senatui
1485 2007 1749 2102 scripta.
1840 2023 2191 2085 Praemissi
2243 2024 2404 2086 item
2460 2041 2575 2102 per

483 2143 720 2205 agrum
742 2125 1119 2188 Larinatem
1140 2123 1595 2185 Marrucinum
1618 2125 2024 2185 Frentanum
2045 2124 2571 2201 Praetutianum,

490 2243 622 2304 qua
652 2226 1011 2288 exercitum
1045 2226 1361 2287 ducturus
1392 2230 1555 2302 erat,
1586 2231 1660 2286 ut
1693 2241 1921 2285 omnes
1953 2242 2031 2285 ex
2062 2224 2236 2304 agris
2266 2224 2577 2287 urbibus-

490 2343 616 2404 que
665 2333 1074 2388 commeatus
1125 2330 1389 2404 paratos
1438 2324 1634 2385 militi
1680 2325 1769 2386 ad
1818 2324 2225 2386 vescendum
2271 2325 2342 2386 in
2391 2326 2576 2387 viam

489 2426 837 2504 deferrent,
925 2443 1131 2503 equos
1215 2425 1646 2502 iumentaque
1732 2423 1865 2486 alia
1952 2424 2412 2503 producerent,
2497 2432 2575 2487 ut

485 2527 945 2589 vehiculorum
994 2525 1182 2587 fessis
1234 2525 1427 2604 copia
1478 2530 1667 2587 esset.
1756 2524 1907 2603 Ipse
1963 2525 2041 2586 de
2093 2530 2233 2586 toto
2286 2526 2575 2587 exercitu

378 2639 448 2691 11
484 2628 736 2689 civium
770 2627 1232 2704 sociorumque
1272 2626 1449 2703 quod
1483 2624 1738 2686 roboris
1772 2631 1913 2687 erat
1951 2625 2207 2706 delegit,
2244 2644 2355 2688 sex
2389 2626 2575 2688 milia

487 2728 808 2807 peditum,
883 2727 1061 2789 mille
1138 2726 1420 2804 equites3
1498 2725 1884 2804 pronuntiat
1958 2742 2283 2804 occupare
2358 2745 2427 2789 se
2502 2727 2574 2787 in

484 2828 767 2890 Lucanis
801 2827 1172 2908 proximam
1198 2825 1436 2889 urbem
1465 2825 1925 2904 Punicumque
1955 2825 2026 2886 in
2057 2844 2136 2888 ea
2168 2826 2575 2905 praesidium

359 2937 432 2990 12
484 2929 679 2991 velle:
723 2934 797 2990 ut
838 2928 924 2989 ad
967 2927 1091 2989 iter
1136 2926 1349 3008 parati
1393 2943 1624 2988 omnes
1667 2932 1903 2988 essent.
1994 2926 2335 2989 Profectus
2378 2933 2572 2990 nocte

482 3030 662 3091 flexit
696 3029 768 3089 in
802 3028 1138 3090 Picenum.

597 3129 600 3131 ’
652 3131 737 3190 Et
787 3130 1015 3190 consul
1071 3127 1339 3206 quidem
1392 3126 1656 3206 quantis
1704 3126 2011 3188 maximis
2060 3126 2405 3190 itineribus
2457 3145 2575 3208 po-

481 3235 653 3292 terat
697 3229 784 3291 ad
829 3230 1173 3308 conlegam
1221 3227 1503 3290 ducebat
1546 3227 1772 3289 relicto
1818 3227 1891 3306 Q.
1940 3227 2126 3288 Catio
2170 3228 2409 3306 legato,
2460 3229 2573 3306 qui

413 3333 446 3384 1
484 3330 714 3392 castris
773 3335 1119 3408 praeesset.
1209 3328 1432 3390 XLIV.
1480 3329 1733 3389 Romae
1790 3326 1973 3388 liaud
2030 3327 2251 3387 minus
2306 3328 2572 3389 terroris

483 3448 560 3492 ac
596 3431 922 3492 tumultus
958 3435 1118 3506 erat,
1161 3445 1364 3506 quam
1396 3428 1614 3489 fuerat
1653 3426 1917 3489 biennio
1952 3432 2128 3503 ante,
2166 3443 2321 3488 cum
2356 3433 2572 3489 castra

535 3595 582 3638 6.
635 3592 861 3638 finibus:
896 3592 1073 3632 :incra
1093 3590 1224 3636 unes.
1574 3591 1854 3632 command.

535 3663 583 3707 7.
637 3661 906 3712 coeptum,
921 3660 1325 3711 perpetratum:
1345 3658 1479 3708 equi·
1624 3658 1801 3698 XLIV.
1857 3659 1901 3702 1.
1963 3656 2209 3703 biennio:
2240 3667 2307 3700 an
2334 3667 2477 3702 error
2503 3669 2571 3701 on

482 3728 655 3770 valent,
674 3733 727 3768 to
745 3730 917 3768 future
936 3727 1235 3767 conditions.
1574 3725 1662 3765 the
1678 3731 1799 3776 part.
1815 3727 1869 3765 ot
1881 3725 2023 3776 Livy.
2077 3725 2378 3766 Hannibal’s
2395 3729 2571 3769 march

536 3797 614 3840 10.
671 3793 991 3845 praemissi:
1012 3804 1078 3835 sc.
1099 3791 1274 3832 nuntii.
1576 3792 1779 3842 against
1791 3793 1949 3833 Rome
1976 3791 2094 3832 rans
2123 3792 2178 3832 in
2214 3793 2302 3833 the
2330 3802 2453 3842 year
2476 3794 2565 3840 211.

536 3862 617 3906 11.
672 3861 736 3905 ut
763 3891 776 3905 .
808 3891 820 3905 .
853 3891 866 3904 .
897 3861 1105 3906 essent:
1132 3864 1419 3912 represents
1448 3869 1480 3901 a
1578 3860 1695 3900 tour
1711 3869 1859 3910 years
1877 3860 2017 3910 prior
2036 3865 2090 3900 to
2110 3859 2226 3901 this.
2273 3859 2365 3902 See
2376 3861 2437 3902 26.
2454 3859 2569 3905 9-11.
