2967 4384
390 277 466 330 xi.
497 279 588 345 ιε]
1191 278 1425 333 unsa
1467 280 1635 335 xxv
2380 283 2486 335 103

392 449 599 510 nibali
634 449 762 512 fuit
791 469 870 512 ea
904 456 1087 530 parte
1117 467 1341 513 arcem
1379 453 1835 531 oppugnandi.
1926 454 2210 533 Reliqua
2242 460 2381 515 erat
2416 456 2487 515 in
2522 469 2591 519 11

392 548 737 612 obsidione
771 568 944 630 spes,
977 569 1098 613 nec
1133 569 1213 614 ea
1245 551 1405 613 satis
1439 553 1693 629 efficaX,
1728 553 1883 630 quia
1912 571 2134 614 arcem
2165 559 2483 630 tenenteS,

395 669 563 731 quae
623 652 693 712 in
754 651 1180 731 paeneinsula
1240 652 1454 731 posita
1510 651 1812 713 imminet
1868 653 2176 714 faucibus
2234 661 2483 733 portuS‚

389 771 572 815 mare
619 751 908 814 liberum
951 751 1315 830 habebant,
1348 753 1511 814 urbs
1553 759 1785 814 contra
1824 754 2089 815 exclusa
2135 755 2485 816 maritimis

389 852 874 917 commeatibus
905 852 1307 933 propiusque
1337 852 1636 931 inopiam
1658 859 1845 914 erant
1873 854 2250 916 obsidentes
2284 871 2485 933 quam

389 954 660 1017 obsessi.
752 952 1095 1016 Hannibal
1166 946 1550 1014 convocatis
1636 953 2044 1032 principibus
2114 955 2485 1017 Tarentinis
2521 959 2591 1011 12

388 1072 620 1117 omnes
658 1052 1022 1134 praesentis
1060 1052 1476 1114 difficultates
1514 1053 1842 1132 exposuit:
1883 1071 2099 1133 neque
2141 1055 2311 1116 arcis
2344 1061 2484 1117 tam

386 1155 686 1216 munitae
730 1154 1212 1234 expugnandae
1253 1170 1515 1214 cernere
1557 1153 1740 1214 viam
1775 1170 1991 1231 neque
2027 1154 2098 1216 in
2140 1154 2484 1217 obsidione

391 1255 754 1334 quicquam
809 1253 1054 1316 habere
1112 1254 1275 1332 spei,
1339 1254 1545 1314 donec
1605 1252 1775 1314 mari
1839 1254 2061 1315 hostes
2125 1255 2481 1334 potiantur.

386 1356 578 1435 Quod
619 1356 675 1416 si
713 1373 922 1418 naves
958 1355 1112 1432 sint,
1149 1352 1390 1432 quibus
1419 1360 1832 1415 commeatus
1859 1354 2088 1416 invehi
2119 1354 2483 1433 prohibeat,
2520 1362 2591 1414 13

386 1456 717 1534 extemplo
789 1461 907 1517 aut
973 1473 1123 1516 arce
1192 1471 1490 1515 cessuros
1558 1461 1675 1516 aut
1736 1454 2073 1515 dedituros
2128 1472 2196 1515 se
2253 1454 2482 1516 hostiS.
2600 1519 2604 1522 ,

385 1554 951 1618 Adsentiebantur
1002 1555 1370 1631 Tarentini3
1443 1560 1737 1616 ceterum
1809 1555 1890 1632 ei,
1950 1555 2062 1632 qui
2135 1554 2485 1616 consilium
2519 1568 2593 1620 14

386 1655 698 1733 adferret,
742 1673 940 1736 opem
987 1671 1251 1733 quoque
1299 1654 1370 1714 in
1411 1671 1564 1716 eam
1603 1672 1745 1716 rem
1784 1654 2220 1716 adferendam
2258 1671 2484 1715 cense-

388 1754 550 1818 bant
613 1773 776 1818 esse.
866 1754 1152 1818 Punicas
1215 1755 1395 1816 enim
1449 1772 1657 1816 naves
1711 1773 1790 1816 ex
1845 1753 2063 1816 Sicilia
2118 1752 2363 1817 accitas
2421 1753 2485 1814 id
2518 1772 2591 1824 15

389 1873 578 1936 posse
649 1856 900 1934 facere3
969 1873 1148 1933 suas,
1225 1871 1395 1933 quae
1452 1854 1603 1916 sinu
1661 1854 1895 1933 exiguo
1955 1854 2134 1916 intus
2190 1853 2482 1916 inclusae

386 1961 626 2034 essent,
675 1973 833 2018 cum
887 1957 1178 2018 claustra
1236 1961 1465 2034 portus
1523 1954 1731 2016 hostis
1792 1954 2090 2032 haberet,
2146 1971 2346 2032 quem
2402 1954 2485 2015 ad

385 2056 665 2117 modum
705 2051 874 2117 Tinde
925 2056 995 2116 in
1049 2062 1358 2135 apertum
1406 2072 1589 2117 mare
1662 2055 2015 2116 evasuras?
2131 2053 2483 2116 ‘Evadent'

385 2155 603 2235 inquit
665 2155 1038 2233 Hanniba13
1122 2156 1379 2234 ‘multa,
1437 2172 1606 2233 quae
1661 2153 1961 2234 inpedita
2013 2160 2256 2216 natura
2306 2160 2483 2231 sunt,
2520 2173 2593 2227 15

385 2256 658 2318 consilio
711 2256 1174 2336 expediuntur.
1263 2255 1516 2318 Urbem
1560 2255 1631 2318 in
1675 2272 1914 2334 campo
1959 2254 2158 2316 sitam
2200 2254 2483 2316 habetis,

384 2357 630 2419 Planae
673 2362 739 2419 et
778 2356 939 2418 satis
976 2358 1150 2418 latae
1187 2355 1335 2418 viae
1383 2361 1613 2436 patent
1656 2354 1725 2416 in
1761 2354 1977 2416 omnis
2023 2353 2249 2434 partis.
2338 2354 2485 2431 Via,
2519 2377 2593 2429 17

390 2473 559 2533 quae
608 2475 643 2518 e
694 2463 889 2537 portu
941 2474 1057 2537 per
1101 2455 1397 2518 mediam
1441 2455 1681 2517 urbem
1728 2455 1816 2517 ad
1863 2472 2047 2516 mare
2095 2453 2485 2516 transmissa

385 2562 504 2634 est,
575 2539 886 2637 plaustris
952 2557 1385 2619 transveham
1450 2573 1659 2618 naves
1724 2556 1909 2618 haud
1974 2573 2221 2634 magna
2286 2555 2480 2615 mole.

386 2658 467 2718 Et
518 2674 700 2718 mare
752 2663 1057 2718 nostrum
1108 2657 1251 2734 erit,
1308 2673 1439 2734 quo
1490 2673 1669 2718 nunc
1720 2656 1943 2718 hostes
1997 2654 2368 2734 potiuntur3
2417 2659 2482 2715 et

382 2755 562 2818 illinc
614 2757 806 2834 mari,
859 2757 1014 2818 hinc
1065 2761 1242 2818 terra
1293 2755 1926 2818 circumsedebimus
1978 2772 2221 2833 arcem,
2274 2754 2480 2814 immo

386 2855 571 2917 brevi
617 2862 735 2918 aut
779 2856 1080 2918 relictam
1124 2857 1212 2918 ab
1258 2856 1563 2918 hostibus
1609 2861 1727 2918 aut
1772 2872 1928 2918 cum
1972 2855 2132 2935 ipsis
2178 2852 2481 2916 hostibus

383 2956 769 3035 capiemus!
881 2957 1065 3018 Haec
1115 2957 1324 3018 oratio
1371 2974 1510 3018 non
1556 2973 1746 3035 spem
1791 2956 1993 3016 modo
2042 2955 2315 3016 effectus
2362 2954 2479 3014 sed
2515 2960 2587 3012 18

382 3056 719 3134 ingentem
777 3055 981 3117 etiam
1044 3056 1228 3117 ducis
1287 3055 1800 3117 admirationem
1858 3054 2034 3116 fecit.
2126 3054 2479 3115 Contracta

383 3156 713 3234 extemplo
760 3156 1059 3233 undique
1113 3157 1408 3235 plaustra
1454 3155 1813 3232 iunctaque
1862 3155 2035 3216 inter
2082 3173 2173 3231 se,
2224 3160 2288 3216 et
2336 3172 2480 3216 ma-

382 3255 616 3317 chinae
675 3255 764 3316 ad
818 3254 1289 3317 subducendas
1346 3273 1555 3316 naves
1612 3256 1947 3331 admotae,
2007 3253 2474 3332 munitumque

380 3354 524 3433 iter,
563 3371 694 3433 quo
739 3354 1040 3417 faciliora
1089 3356 1384 3434 plaustra
1431 3355 1781 3433 minorque
1829 3356 2037 3416 moles
2081 3355 2150 3415 in
2192 3354 2473 3417 transitu

431 3569 511 3614 11.
567 3578 654 3614 ea:
675 3570 750 3610 Le.
772 3568 969 3610 obsidio.
1024 3568 1258 3621 propius
1289 3568 1376 3612 ln·
1528 3570 1607 3613 15.
1662 3568 1918 3613 claustra
1975 3571 2195 3621 portus:
2254 3569 2340 3609 the
2394 3577 2472 3608 en—

381 3637 587 3687 omam:
608 3647 688 3678 see
705 3639 767 3676 21.
792 3638 825 3677 1.
848 3637 886 3676 2.
1473 3639 1650 3678 trance
1668 3641 1723 3677 to
1742 3638 1829 3677 the
1848 3638 2049 3678 harbor.

432 3705 510 3747 12.
568 3711 816 3748 eernere:
848 3713 913 3744 sc.
942 3711 1002 3742 se.
1059 3701 1251 3746 donec:
1289 3706 1377 3743 “as
1524 3704 1605 3746 17.
1656 3702 1810 3746 haud
1827 3711 2031 3755 magna
2045 3702 2209 3746 mole:
2234 3702 2388 3742 “with
2406 3710 2472 3741 no

381 3770 501 3821 long
519 3780 588 3811 as.
600 3772 629 3790 ’⁹
679 3771 783 3810 'Phe
798 3769 1124 3819 subjunctive
1143 3770 1186 3809 is
1205 3771 1302 3809 due
1323 3773 1377 3808 to
1471 3773 1617 3819 great
1635 3769 1933 3820 difficultyst’

381 3839 466 3877 the
483 3837 649 3878 oratio
667 3837 886 3886 obliqua..
1525 3838 1603 3879 18.
1658 3835 1958 3880 munitum:
1995 3836 2075 3875 tor
2104 3836 2188 3875 the
2215 3835 2471 3884 meaning.

432 3905 509 3947 14.
565 3903 640 3947 el:
661 3903 832 3944 dative
850 3904 903 3943 ot
929 3905 1096 3954 agent.
1472 3911 1553 3942 see
1570 3903 1631 3941 21.
1649 3901 1710 3942 37.
1732 3902 1770 3941 2.
