2967 4384
464 235 622 288 xxiv.
649 235 706 301 4]
1302 237 1532 292 LIBER
1566 237 1745 290 XXII
2494 241 2565 292 69

467 392 748 483 tumque
803 406 1270 467 Romanorum
1322 408 1710 486 multitude,
1779 414 1843 469 et
1897 410 1986 470 ad
2041 426 2235 469 aures
2295 426 2560 487 quoque

468 505 761 566 militum
801 506 978 567 dicta
1013 506 1266 568 ferocia
1301 508 1819 571 evolvebantur:
1867 527 1945 570 ac
1983 509 2040 569 si
2076 508 2385 570 militaris
2422 512 2562 570 suf-

467 606 639 686 fragi
686 624 791 667 res
839 612 1033 684 esset,
1082 607 1268 668 haud
1321 608 1519 668 dubie
1569 608 1875 670 ferebant
1925 609 2302 670 Minucium
2348 609 2559 671 Fabio

471 708 710 768 ducem
738 709 1175 785 praelaturoS.

636 808 776 867 XV.
827 806 1075 867 Fabius
1125 807 1195 866 in
1245 825 1401 868 suos
1451 808 1639 869 haud
1689 809 1914 870 minus
1971 826 2176 887 quam
2224 810 2295 870 in
2344 810 2557 872 hostis
2593 826 2625 876 1

461 907 762 968 intentus
788 907 970 984 prius
993 907 1081 967 ab
1104 907 1234 967 illis
1256 907 1588 968 invictum
1610 909 1915 969 animum
1941 915 2258 987 praestat.
2309 910 2559 990 Quam-

469 1026 673 1086 quam
706 1007 911 1086 probe
943 1007 1067 1068 scit
1097 1025 1235 1067 non
1265 1007 1336 1066 in
1367 1007 1603 1068 castris
1634 1009 1837 1070 modo
1870 1010 2007 1071 suis
2038 1010 2150 1070 sed
2180 1010 2320 1076 iam
2350 1011 2555 1072 etiam
2643 1009 2650 1022 '

460 1109 717 1169 Romae
769 1108 1096 1168 infamem
1147 1124 1341 1168 suam
1393 1107 1899 1168 cunctationem
1950 1126 2115 1186 esse,
2171 1109 2554 1171 obstinatus

459 1213 691 1269 tamen
757 1212 988 1268 tenore
1058 1207 1298 1267 eodem
1366 1207 1803 1269 consiliorum
1870 1209 2145 1269 aestatis
2215 1209 2554 1288 reliquum

459 1309 766 1385 extraxit,
793 1314 866 1369 ut
892 1307 1238 1368 Hannibal
1271 1307 1628 1368 destitutus
1654 1308 1741 1368 ab
1768 1325 1883 1385 spe
1912 1326 2179 1369 summa
2208 1326 2331 1387 ope
2363 1311 2551 1387 petiti
2586 1314 2621 1364 2

459 1407 844 1470 certaminis
876 1408 1014 1468 iam
1044 1406 1342 1468 hibernis
1373 1408 1600 1467 locum
1632 1407 2243 1486 circumspectaret,
2283 1410 2440 1487 quia
2471 1428 2551 1471 ea

456 1509 638 1588 regio
697 1507 1065 1586 praesentis
1120 1493 1261 1566 erat
1318 1506 1575 1583 copiae,
1631 1524 1770 1568 non
1827 1515 2212 1586 perpetuae,
2270 1509 2550 1570 arbusta

458 1608 829 1686 vineaeque
867 1614 930 1668 et
956 1606 1215 1667 consita
1252 1606 1480 1667 omnia
1505 1607 1720 1686 magis
1745 1607 2046 1668 amoenis
2084 1626 2288 1686 quam
2322 1627 2549 1670 neces-

455 1709 646 1770 sariis
686 1707 1039 1769 fructibus.
2336 1716 2345 1722 ⁴

626 1809 862 1868 XXIV.
913 1808 1263 1867 Romanus
1315 1806 1643 1867 exercitus
1694 1807 1765 1867 in
1815 1825 1976 1886 agro
2028 1808 2327 1869 Larinati
2379 1815 2542 1870 erat.
2582 1811 2615 1862 1

453 1910 766 1970 Praeerat
797 1906 1132 1967 Minucius
1164 1907 1484 1985 magister
1515 1906 1822 1985 equitum
1856 1909 2155 1984 profecto
2186 1908 2275 1968 ad
2305 1908 2546 1969 urbem

458 2008 801 2069 dictatore.
895 2008 1207 2067 Ceterum
1243 2013 1484 2083 castra,
1529 2023 1697 2083 quae
1734 2006 1805 2065 in
1840 2012 2069 2067 monte
2105 2009 2243 2068 alto
2279 2026 2357 2068 ac
2394 2015 2541 2068 tuto
2578 2013 2614 2064 2

451 2109 598 2168 loco
646 2107 866 2185 posita
907 2106 1200 2182 fuerant,
1245 2105 1384 2166 iam
1426 2106 1499 2165 in
1546 2108 1825 2183 planum
1874 2107 2285 2184 deferuntur,
2330 2107 2544 2186 agita-

457 2208 836 2285 banturque
911 2223 1029 2284 pro
1098 2205 1368 2284 ingenio
1443 2205 1629 2266 ducis
1700 2206 1981 2268 consilia
2050 2207 2395 2285 calidiora,
2466 2215 2541 2269 ut

450 2308 744 2387 impetus
788 2311 906 2368 aut
955 2306 1026 2365 in
1090 2305 1612 2366 frumentatores
1679 2306 1940 2384 palatos
2003 2312 2122 2367 aut
2185 2307 2255 2366 in
2320 2313 2542 2369 castra

451 2408 683 2470 relicta
751 2424 907 2468 cum
973 2405 1108 2467 levi
1179 2405 1513 2484 praesidio
1580 2406 1788 2467 fieret.
1881 2407 2013 2466 Nec
2082 2407 2540 2467 Hannibalem
2572 2420 2607 2471 3

448 2507 685 2568 fefellit
727 2524 883 2567 cum
927 2506 1092 2566 duce
1133 2511 1468 2566 mutatam
1508 2523 1649 2566 esse
1695 2505 1848 2565 belli
1888 2505 2221 2567 rationem
2261 2512 2325 2567 et
2364 2507 2539 2566 fero-

449 2609 592 2669 cius
627 2624 831 2685 quam
860 2604 1232 2666 consultius
1260 2622 1403 2665 rem
1430 2604 1657 2665 hostes
1685 2611 2010 2683 gesturos,
2103 2607 2254 2682 Ipse
2284 2612 2534 2683 autem,
2570 2621 2609 2671 4

455 2708 634 2785 quod
677 2695 954 2767 minime
1006 2705 1152 2782 quis
1197 2705 1518 2781 crederet,
1565 2721 1721 2764 cum
1763 2705 1974 2766 hostis
2022 2704 2296 2782 propius
2340 2712 2534 2782 esset,

448 2807 718 2868 tertiam
754 2812 1015 2883 partem
1047 2803 1340 2864 militum
1373 2804 1865 2865 frumentatum
1902 2805 2164 2865 duabus
2197 2806 2268 2864 in
2302 2805 2535 2866 castris

446 2994 668 3036 declslon
686 2993 784 3034 had
800 2993 966 3033 restecl
985 2992 1106 3030 with
1130 2993 1214 3031 the
1229 2995 1369 3030 vot-es
1390 2993 1443 3030 ot
1537 2989 1922 3033 XX1v-XX1V.
1977 2983 2253 3032 Minucius
2271 2990 2433 3033 Risks
2462 3003 2532 3034 an

447 3063 530 3102 the
549 3061 808 3102 soldiers.'’
837 3060 887 3102 si
908 3091 919 3103 .
944 3091 955 3103 .
980 3091 991 3103 .
1015 3059 1183 3101 esset:
1223 3068 1254 3098 a
1270 3061 1441 3097 future
1537 3057 1917 3108 Engagemeut.
1956 3058 2205 3099 Rosoued
2220 3059 2292 3106 by
2311 3059 2529 3105 Fabius.

446 3128 706 3169 condition
750 3129 884 3167 from
929 3128 1016 3166 the
1057 3129 1176 3176 past,
1206 3125 1354 3175 point,
1387 3126 1441 3164 ot
1589 3126 1631 3167 1.
1688 3125 1935 3175 profecto
1966 3155 1977 3167 .
2011 3155 2022 3167 .
2055 3155 2066 3167 .
2098 3123 2397 3167 dictatore:
2440 3125 2531 3165 Fa-

445 3195 583 3235 vlew.
640 3195 721 3234 An
751 3193 929 3233 unreal
966 3191 1227 3232 condition
1271 3191 1439 3230 would
1534 3191 1648 3230 bius
1711 3192 1810 3232 had
1862 3193 1986 3230 been
2028 3191 2241 3230 recalled
2280 3196 2334 3230 to
2376 3191 2533 3232 Rome

445 3262 645 3312 require
677 3260 722 3301 εἰ
763 3289 773 3299 .
816 3290 825 3298 .
865 3288 874 3298 .
902 3258 1098 3308 fuisset,
1133 3253 1438 3307 praelaturos
1534 3267 1781 3298 sacrorum
1799 3267 1940 3297 cauea
1965 3257 2127 3304 (18.8).

445 3327 610 3374 fuisse.
705 3326 859 3370 haud
920 3324 1084 3369 dubie
1159 3324 1435 3368 ferebant:
1585 3326 1631 3368 2.
1686 3332 1807 3375 pro:
1856 3324 2165 3364 “consistent
2199 3323 2374 3364 with.”
2427 3322 2529 3366 du-

447 3396 622 3436 “made
638 3394 680 3435 it
708 3395 889 3435 clear.'’
1534 3391 1635 3434 cis:
1665 3391 1740 3431 Le.
1763 3391 2027 3431 Minucius.

494 3462 598 3502 XV.
656 3463 701 3505 1.
757 3460 1040 3504 infamem:
1115 3459 1200 3499 “in
1259 3457 1316 3498 ill
1367 3467 1438 3498 re·
1584 3459 1629 3501 3.
1686 3457 1927 3500 ferocius
1981 3465 2146 3508 quam
2192 3456 2526 3500 consultius:

443 3531 616 3580 pute.’¹
1533 3526 1690 3564 “with
1709 3535 1846 3563 more
1866 3523 2046 3573 dar-ing
2060 3525 2184 3562 than
2204 3524 2527 3563 discretiou.'’

493 3597 539 3639 2.
595 3596 662 3639 ab
694 3603 810 3645 spe:
835 3594 920 3633 the
939 3593 1122 3642 simple
1141 3592 1364 3632 ablat-,ive
1384 3593 1438 3631 of
1533 3591 1579 3630 It
1607 3601 1637 3630 a
1672 3591 2016 3642 comparative
2051 3591 2295 3640 precedes,
2335 3599 2365 3629 a.
2400 3598 2527 3629 com·

443 3662 732 3712 separation
809 3660 974 3699 would
1044 3660 1104 3699 be
1172 3659 1432 3700 sufficient.
1531 3658 1761 3708 parative
1813 3657 2067 3706 regularly
2120 3657 2314 3695 follows
2370 3663 2523 3704 quam.

443 3737 654 3772 summa
684 3735 805 3778 ope:
836 3725 1095 3767 adverbial
1125 3725 1251 3764 with
1279 3725 1431 3773 petiti·
1580 3725 1627 3767 4.
1684 3722 1955 3767 crederet:
2029 3721 2276 3772 potential
2344 3722 2398 3760 ot
2440 3722 2527 3760 the
2554 3735 2558 3738 ·

442 3796 689 3844 arbusta,
713 3794 927 3842 vineae,
967 3791 1174 3836 omnia:
1211 3793 1435 3832 nomina·
1530 3795 1659 3840 past.
1713 3788 2135 3832 frumentatum:
2166 3787 2357 3840 supine.
2388 3785 2525 3835 (lua-

443 3861 547 3904 tlve
564 3861 618 3902 ln
637 3863 738 3904 free
757 3860 1049 3914 apposition
1069 3858 1195 3900 with
1215 3857 1355 3910 reqio.
1531 3859 1651 3905 bus:
1689 3866 1752 3901 sc.
1768 3855 2001 3906 partious.
