2967 4384
552 243 660 296 ιω
1469 227 1541 296 ⁶1¹.
1574 243 1740 298 Lm
2398 247 2578 313 [xviii.
2611 249 2650 300 4

481 429 518 480 4
557 412 759 492 deret,
808 413 1330 478 extraordinaria
1379 432 1538 477 cura
1591 415 2012 494 deligendum
2061 433 2223 480 esse.
2316 418 2484 480 Cum
2532 417 2648 480 alii

550 516 757 578 alium
822 516 1266 594 nominarent,
1338 525 1747 595 postremum
1812 534 1891 578 eo
1962 517 2316 580 decursum
2380 526 2502 597 est,
2570 527 2647 582 ut

554 615 928 694 proconsuli
981 615 1267 677 creando
1318 615 1388 675 in
1439 615 1839 695 Hispaniam
1891 616 2159 680 comitia
2212 617 2648 697 haberentur;

479 733 514 783 5
554 717 860 797 diemque
914 717 1196 780 comitiis
1251 717 1553 778 consules
1607 717 1973 780 edixerunt.
2065 718 2286 781 Primo
2341 727 2647 798 expecta-

553 825 808 896 verant,
876 825 975 896 ut,
1050 816 1163 897 qui
1229 835 1300 880 se
1366 824 1558 880 tanto
1626 815 1906 896 imperio
1979 817 2211 897 dignos
2282 818 2646 898 crederent,

549 918 821 981 nomina
861 917 1342 997 profiterentur.
1432 917 1615 996 Quae
1650 925 1724 981 ut
1766 916 2080 980 destituta
2116 918 2488 997 expectatio
2523 927 2646 998 est,

549 1019 1030 1097 redintegratus
1072 1019 1291 1080 luctus
1333 1025 1649 1095 acceptae
1692 1017 1899 1080 cladis
1947 1017 2479 1099 desideriumque
2520 1019 2647 1079 im-

478 1129 514 1180 6
553 1126 931 1198 peratorum
991 1117 1411 1181 amissorum.
1501 1118 1758 1179 Maesta
1820 1117 2049 1196 itaque
2113 1117 2373 1197 civitaS,
2441 1137 2646 1198 prope

547 1219 740 1297 inops
793 1217 1067 1297 consilii,
1122 1217 1544 1279 comitiorum
1600 1217 1702 1279 die
1754 1225 1983 1280 tamen
2033 1217 2103 1277 in
2159 1236 2479 1298 campum
2536 1220 2645 1281 de-

548 1318 828 1397 scendit3
873 1327 942 1380 at
951 1336 1074 1397 que
1119 1317 1190 1377 in
1232 1317 1660 1396 magistratus
1708 1317 1878 1378 versi
1924 1316 2481 1397 circumspectant
2528 1337 2646 1381 ora

551 1419 922 1498 principum
981 1418 1264 1479 aliorum
1321 1417 1486 1479 alios
1523 1417 1927 1479 intuentium
1982 1416 2279 1481 fremunt
2289 1436 2413 1498 que
2472 1418 2645 1481 adeo

549 1519 838 1599 perditas
870 1536 974 1580 res
1013 1518 1569 1596 desperatumque
1609 1516 1687 1578 de
1721 1534 1791 1578 re
1832 1516 2097 1596 publica
2133 1536 2298 1597 esse,
2334 1526 2409 1581 ut
2444 1536 2645 1582 nemo

474 1628 511 1679 7
544 1620 789 1682 audeat
844 1618 914 1678 in
967 1617 1365 1697 Hispaniam
1418 1615 1776 1696 imperium
1827 1616 2151 1697 accipere,
2209 1636 2365 1681 cum
2418 1619 2644 1681 subito

545 1723 616 1782 P.
678 1718 1036 1796 CorneliuS,
1097 1720 1167 1781 P.
1230 1715 1536 1795 Cornelii,
1601 1716 1713 1795 qui
1770 1715 1841 1777 in
1900 1715 2227 1796 Hispania
2290 1718 2641 1798 ceciderat,

543 1819 739 1898 filius,
789 1825 1101 1898 quattuor
1141 1825 1206 1878 et
1253 1815 1488 1895 viginti
1528 1816 1737 1878 ferme
1780 1835 1993 1879 annos
2035 1825 2259 1896 natuS,
2307 1819 2644 1897 professus

542 1938 612 1982 se
658 1928 873 1998 petere
914 1919 984 1978 in
1029 1917 1387 1996 superiore,
1435 1917 1616 1979 unde
1659 1917 1952 1995 conspici
1998 1925 2241 1996 posset,
2283 1919 2432 1980 loco
2478 1937 2640 1980 con-

473 2030 512 2081 8
540 2019 728 2082 stitit.
816 2019 897 2079 In
947 2035 1144 2097 quem
1194 2025 1339 2095 post
1348 2035 1551 2096 quam
1598 2016 1900 2078 omnium
1948 2034 2063 2078 ora
2112 2034 2435 2079 conversa
2482 2025 2641 2080 sunt

542 2121 826 2182 clamore
859 2137 938 2180 ac
972 2118 1204 2179 favore
1241 2117 1519 2178 ominati
1555 2117 1886 2194 extemplo
1922 2125 2078 2179 sunt
2111 2117 2270 2178 felix
2303 2118 2640 2181 faustum-

472 2232 509 2283 9
547 2238 670 2299 que
708 2219 1081 2298 imperium.
1171 2217 1341 2278 Iussi
1384 2216 1618 2278 deinde
1659 2216 1826 2278 inire
1864 2216 2261 2294 suffragium
2299 2218 2388 2279 ad
2426 2235 2641 2280 unum

543 2338 773 2382 omnes
814 2337 952 2381 non
995 2318 1330 2381 centuriae
1374 2317 1577 2379 modo
1620 2317 1736 2378 sed
1783 2317 1987 2380 etiam
2030 2317 2337 2379 homines
2383 2321 2454 2380 P.
2506 2319 2639 2381 Sci-

437 2434 508 2485 10
546 2420 724 2499 pioni
776 2420 1129 2499 imperium
1183 2437 1323 2482 esse
1375 2419 1446 2479 in
1499 2417 1825 2497 Hispania
1879 2418 2235 2481 iusserunt.
2329 2418 2641 2481 Ceterum

547 2529 690 2600 post
740 2538 880 2583 rem
929 2529 1173 2598 actam,
1225 2529 1300 2582 ut
1350 2520 1486 2580 iam
1536 2518 1866 2580 resederat
1916 2518 2209 2596 impetus
2258 2518 2641 2580 animorum

543 2622 891 2701 ardorque,
952 2622 1287 2684 silentium
1344 2618 1567 2682 subito
1628 2627 1850 2680 ortum
1910 2624 1973 2680 et
2032 2617 2239 2680 tacita
2299 2618 2640 2697 cogitatio,

545 2722 864 2801 quidnam
922 2721 1243 2799 egissent?
1329 2721 1562 2780 Nonne
1615 2718 1812 2780 favor
1874 2719 2022 2796 plus
2071 2717 2385 2782 valuisset
2436 2736 2640 2798 quam

437 2833 506 2885 11
540 2823 748 2885 ratio?
834 2821 1087 2883 Aetatis
1144 2819 1430 2881 maxime
1493 2817 1902 2897 paenitebat;
1964 2817 2239 2896 quidam
2292 2819 2643 2881 fortunam

541 2923 744 2984 etiam
796 2921 1032 2983 domus
1079 2920 1438 2982 horrebant
1488 2935 1865 2997 nomenque
1915 2935 1996 2978 ex
2039 2916 2326 2980 funestis
2379 2918 2641 2980 duabus

540 3023 810 3084 familiis
850 3021 920 3080 in
960 3038 1072 3081 eas
1117 3019 1512 3098 provinciaS,
1556 3017 1673 3078 ubi
1713 3017 1884 3079 inter
1925 3017 2229 3096 sepulcra
2277 3018 2481 3096 patris
2527 3037 2641 3097 pa-

592 3257 640 3298 4.
693 3261 758 3298 eo
790 3253 1082 3296 decursum
1111 3251 1217 3294 est:
1263 3251 1413 3300 “they
1440 3248 1541 3290 had
1689 3250 1734 3292 7.
1790 3248 1843 3292 Ρ.
1866 3240 2181 3293 corneliusi
2210 3259 2293 3290 see
2321 3249 2384 3289 21.
2406 3249 2469 3290 4a
2489 3251 2517 3291 '7
2541 3252 2641 3292 and

543 3330 774 3362 recourse
793 3324 846 3360 to
867 3319 970 3359 this
987 3320 1156 3369 plan.'’
1637 3320 1768 3356 note.
1822 3316 2036 3366 petere:
2071 3319 2157 3356 “to
2185 3318 2246 3356 be
2271 3325 2303 3356 a
2320 3317 2639 3358 candidate’·

597 3389 643 3432 5.
696 3386 922 3430 nomina
988 3384 1407 3434 profiterentur:
1456 3386 1543 3424 “to
1688 3383 1735 3426 8.
1788 3381 1929 3425 felix
1963 3381 2345 3432 faustumque:
2388 3385 2532 3424 these
2559 3385 2642 3425 ad-

545 3463 806 3498 announce
825 3451 958 3494 their
986 3451 1312 3500 candidacy.'’
1366 3449 1541 3493 desti·
1636 3449 1846 3498 :iectives
1889 3457 1977 3489 are
2026 3450 2315 3499 frequently
2364 3450 2542 3490 united
2584 3451 2641 3491 in

544 3522 674 3566 tuta
711 3552 724 3566 .
773 3551 786 3565 .
834 3550 848 3565 .
888 3519 998 3563 est:
1051 3521 1186 3558 “was
1228 3517 1544 3568 disappoint-
1638 3525 1847 3566 prayers
1874 3515 1974 3556 and
2002 3517 2151 3555 other
2179 3515 2424 3566 reugious
2452 3518 2639 3557 formu-

608 3591 652 3628 .”
1638 3583 1654 3622 1
1690 3593 1731 3623 e.

544 3590 644 3700 ede.
699 3660 974 3704 eampum:
1022 3662 1090 3693 sc.
1137 3650 1376 3691 Martium.
1432 3650 1543 3694 all·
1659 3593 1737 3694 ao.
1792 3649 1868 3690 He
1885 3649 2110 3690 received
2130 3653 2223 3691 not,
2238 3649 2361 3700 only
2379 3651 2467 3690 the
2494 3653 2639 3691 votes

546 3731 703 3768 orum
745 3721 912 3765 alios:
977 3721 1065 3760 the
1114 3716 1390 3768 recipi-ocal
1432 3717 1546 3757 idea
1638 3718 1695 3756 ot
1726 3717 1794 3756 all
1824 3718 1910 3756 the
1937 3717 2205 3764 comunes,
2227 3718 2320 3757 but
2351 3718 2436 3757 the
2465 3717 2642 3758 unani-

546 3791 714 3840 might
742 3790 870 3829 have
897 3789 1022 3828 been
1049 3785 1316 3837 expressed
1336 3786 1401 3836 by
1417 3783 1545 3822 incer
1640 3794 1788 3824 mous
1806 3788 1923 3824 vote
1940 3785 1995 3823 ot
2012 3786 2134 3824 each
2153 3787 2378 3834 century.

546 3866 605 3900 ee.
1693 3851 1771 3894 10.
1826 3849 2091 3900 1mpetus:
2110 3851 2187 3890 ror
2201 3850 2441 3902 meaning
2453 3859 2534 3889 see
2546 3849 2584 3890 7.
2601 3850 2638 3890 3.
