2967 4384
441 218 533 276 νῆ.
563 219 655 291 11]
717 231 721 236 ·
1258 219 1490 278 mesa
1526 219 1704 278 xxn
2427 243 2430 245 ·
2463 226 2543 281 63·

439 394 870 473 captivorum
924 395 1038 474 qui
1086 395 1310 458 Latini
1359 396 1653 459 nominis
1703 404 1925 460 essent
1974 398 2115 460 sine
2170 401 2381 479 pretio
2436 401 2533 462 di-

439 495 683 574 missiS‚
720 495 1047 557 Romanis
1083 496 1154 556 in
1191 496 1466 559 vincula
1506 498 1702 576 datis,
1738 506 2086 578 segregata
2121 518 2200 561 ex
2235 501 2533 562 hostium

439 602 995 657 coacervatorum
1047 597 1335 658 cumulis
1388 615 1674 677 corpora
1724 615 2005 660 suorum
2057 617 2214 660 cum
2265 601 2533 679 sepeliri

436 695 759 773 iussisset,
803 696 1092 757 Flamini
1140 714 1406 775 quoque
1450 708 1695 776 corp'us
1737 698 1993 760 funeris
2036 717 2242 762 causa
2282 718 2531 780 magna

437 813 594 857 cum
633 813 797 857 cura
837 795 1239 874 inquisitum
1278 814 1416 858 non
1457 798 1740 860 invenit.

607 895 864 958 Romae
895 896 984 958 ad
1015 896 1310 975 primum
1337 898 1656 959 nuntium
1684 899 1894 961 cladis
1922 901 2064 962 eius
2093 918 2249 962 curn
2276 900 2531 980 ingenti
2567 900 2604 953 6

433 1002 682 1058 terrore
713 1015 791 1058 ac
820 998 1121 1057 tumultu
1149 1014 1516 1058 concursus
1544 997 1616 1058 in
1641 998 1867 1060 forum
1898 1001 2130 1078 populi
2158 1007 2258 1062 est
2284 1001 2527 1063 factus,

431 1096 783 1160 Matronae
838 1116 1052 1177 vagae
1108 1115 1224 1176 per
1277 1097 1445 1175 vias,
1506 1115 1674 1176 quae
1728 1117 1967 1178 repens
2021 1101 2246 1162 clades
2298 1102 2529 1163 adlata
2562 1105 2599 1158 ’7

438 1214 696 1275 quaeve
745 1197 1022 1260 fortuna
1069 1197 1398 1260 exercitus
1447 1205 1642 1276 esset,
1694 1200 1932 1261 obvios
1983 1207 2525 1279 percunctantur.

428 1297 514 1358 Et
555 1315 713 1359 cum
763 1298 1138 1378 frequentis
1192 1299 1526 1360 contionis
1560 1300 1763 1361 modo
1800 1301 2004 1362 turba
2058 1302 2129 1362 in
2180 1301 2529 1363 comitium

430 1403 495 1458 et
558 1397 819 1459 curiam
881 1417 1078 1461 versa
1138 1398 1578 1478 magistratus
1644 1407 1940 1478 vocaret,
2004 1402 2282 1463 tandem
2340 1401 2559 1463 haud·

431 1500 646 1560 multo
676 1505 831 1561 ante
861 1499 1021 1560 solis
1050 1516 1368 1561 occasum
1394 1500 1485 1561 M.
1508 1501 1921 1579 Pomponius
1953 1507 2218 1579 praetor
2245 1500 2525 1581 ‘Pugna'
2558 1505 2598 1558 8

430 1597 652 1676 inquit
695 1598 968 1679 ‘magna
991 1598 1173 1660 ‘victi
1215 1600 1499 1661 sumus)
1589 1600 1674 1660 Et
1720 1616 2137 1678 quamquam
2177 1599 2345 1661 nihil
2387 1619 2525 1661 cer-

427 1696 562 1760 tius
591 1717 671 1760 ex
699 1717 778 1760 eo
809 1699 1123 1761 auditum
1140 1703 1262 1777 est,
1283 1704 1516 1761 tamen
1544 1699 1716 1761 alius
1745 1700 1832 1761 ab
1859 1699 1991 1761 alio
2010 1700 2270 1778 impleti
2298 1718 2525 1761 rumo-

427 1798 614 1860 ribus
687 1799 922 1861 domos
992 1799 1294 1860 referunt
1362 1800 1713 1861 consulem
1784 1817 1941 1860 cum
2010 1818 2264 1879 magna
2337 1808 2523 1878 parte

427 1899 779 1977 copiarum
803 1917 1101 1977 caesum,
1131 1916 1478 1978 superesse
1510 1917 1762 1978 paucos
1790 1905 1907 1961 aut
1933 1900 2097 1978 fuga
2127 1900 2377 1979 passim
2408 1918 2525 1978 per
2555 1909 2593 1961 9

424 1998 765 2060 Etruriam
787 2017 1058 2078 sparsos
1088 2006 1213 2061 aut
1239 2005 1474 2078 captos
1498 2000 1586 2060 ab
1610 2000 1825 2062 hoste.
1919 2000 2096 2080 Quot
2120 2018 2315 2062 casus
2339 2013 2523 2062 exer-
2556 2006 2631 2058 10

425 2099 595 2161 citus
645 2099 807 2161 victi
836 2100 1128 2177 fuerant,
1161 2105 1262 2161 tot
1310 2099 1381 2160 in
1428 2117 1625 2162 curas
1677 2100 1979 2162 distracti
2027 2101 2238 2161 animi
2286 2118 2522 2162 eorum

423 2204 636 2276 erant,
712 2217 999 2278 quorum
1070 2198 1434 2278 propinqui
1500 2200 1629 2262 sub
1698 2199 1769 2261 C.
1840 2201 2173 2262 Flaminio
2242 2204 2517 2263 consule

421 2306 828 2377 meruerant,
854 2299 1337 2378 ignorantium,
1369 2317 1540 2378 quae
1567 2299 1895 2379 cuiusque
1942 2318 2221 2363 suorum
2244 2302 2518 2362 fortuna

419 2404 591 2460 esset
608 2416 625 2477 ;
671 2417 793 2460 nec
829 2399 1190 2478 quisquam
1218 2399 1381 2462 satis
1409 2406 1671 2462 certum
1696 2401 1926 2478 habet,
1961 2401 2121 2479 quid
2150 2407 2268 2463 aut
2297 2408 2519 2480 speret

418 2505 535 2560 aut
593 2499 852 2562 timeat.
947 2500 1221 2562 Postero
1281 2518 1361 2561 ac
1425 2499 1747 2579 deinceps
1808 2502 2067 2580 aliquot
2133 2502 2362 2563 diebus
2423 2502 2512 2563 ad
2552 2503 2622 2556 11

421 2604 648 2677 portas
680 2599 898 2660 maior
933 2617 1139 2678 prope
1173 2600 1537 2661 mulierum
1575 2618 1781 2679 quam
1814 2602 2115 2663 virorum
2147 2603 2514 2664 multitudo

416 2700 598 2761 stetit
633 2706 752 2761 aut
787 2717 1067 2762 suorum
1100 2701 1400 2778 aliquem
1435 2707 1554 2761 aut
1588 2701 1862 2763 nuntios
1903 2703 1981 2763 de
2017 2703 2097 2762 iis
2134 2703 2511 2780 opperienS,

416 2798 1272 2879 circumfundebanturque
1313 2798 1535 2861 obviis
1574 2800 1989 2863 sciscitantes
2028 2818 2246 2879 neque
2286 2802 2510 2879 avelli,

414 2898 648 2977 utique
691 2900 779 2960 ab
821 2901 1023 2976 notis,
1069 2899 1466 2978 priusquam
1508 2901 1741 2962 ordine
1784 2902 2012 2962 omnia
2053 2902 2509 2981 inquisissent,

464 3097 509 3140 5.
564 3095 939 3147 captivorum:
969 3108 1034 3139 sc.
1066 3096 1142 3144 iio,
1166 3098 1252 3139 the
1273 3100 1410 3138 ante·
1516 3101 1651 3140 trate
1709 3099 2016 3145 comitium:
2060 3101 2117 3141 in
2160 3101 2301 3140 frons
2334 3101 2390 3140 or
2424 3101 2509 3140 the

410 3164 587 3204 cedent
604 3167 658 3205 oi
684 3164 779 3214 qai.
823 3164 1011 3209 Latini
1037 3164 1300 3209 nominis:
1331 3173 1412 3204 see
1513 3164 1662 3212 curia,
1691 3176 1751 3207 or
1774 3172 1947 3207 senate
1975 3168 2145 3212 house,
2177 3177 2282 3207 was
2317 3167 2403 3206 the
2437 3175 2509 3206 co-

411 3231 472 3270 21.
491 3231 555 3270 55.
575 3231 613 3270 4.
668 3229 1024 3282 inquisitum:
1067 3232 1317 3273 translate
1345 3231 1411 3280 by
1512 3230 1711 3280 mitium,
1724 3243 1782 3272 or
1793 3234 1997 3274 smaller
2011 3235 2152 3284 place
2167 3234 2220 3273 ot
2238 3234 2505 3283 assembly‚

413 3306 443 3336 a
468 3297 755 3337 concessive
785 3299 968 3344 clause,
1019 3299 1300 3348 “although
1346 3297 1411 3338 he
1512 3300 1677 3339 where
1710 3301 1796 3340 the
1830 3300 2158 3348 magistrates
2188 3300 2391 3349 usually
2426 3300 2507 3339 ad-

410 3365 644 3404 searched
663 3365 746 3403 ior
763 3365 850 3405 the
869 3365 1001 3414 body
1011 3365 1066 3404 oi·
1081 3365 1165 3404 the
1182 3365 1409 3405 consul.'‘
1511 3366 1713 3406 dressed
1732 3367 1818 3406 the
1830 3367 2016 3416 people.
2064 3367 2168 3406 'Phe
2187 3371 2288 3406 two
2308 3367 2503 3406 formed

461 3431 507 3473 6.
562 3429 784 3474 Romae:
841 3432 927 3471 the
971 3431 1191 3481 shitting
1233 3433 1288 3470 oi
1323 3432 1410 3471 the
1512 3433 1599 3472 the
1615 3433 1899 3482 legislative
1917 3436 2087 3472 center
2104 3433 2159 3472 of
2178 3433 2352 3472 Rome.

411 3506 555 3537 scene
587 3497 634 3537 is
668 3497 924 3538 indicated
957 3498 1024 3546 by
1053 3499 1140 3538 the
1168 3497 1405 3547 position.
1563 3500 1641 3543 10.
1693 3500 2036 3543 meruerant:
2116 3509 2180 3539 sc.
2252 3497 2499 3546 stipendia,

409 3571 712 3608 concursus
757 3563 845 3607 est
887 3563 1095 3610 factus:
1141 3564 1202 3604 ct.
1243 3565 1304 3604 21.
1344 3566 1404 3604 12.
1514 3567 1774 3606 “sex-voda·

410 3630 446 3670 8·
1508 3681 1511 3684 ⁴
1562 3632 1641 3675 11.
1696 3629 1975 3681 deinceps:
2031 3631 2152 3671 used
2203 3630 2503 3681 adjectively

457 3695 503 3741 7.
559 3695 860 3741 contionis:
922 3695 1208 3747 depending
1269 3707 1406 3747 upon
1509 3699 1633 3737 with
1691 3697 1877 3749 diebu3‚·
1938 3698 2163 3736 “several
2222 3697 2503 3737 successive

405 3762 557 3805 modo.
605 3765 648 3804 A
683 3763 838 3804 contio
875 3765 1022 3805 could
1058 3765 1314 3813 regularly
1347 3767 1407 3804 be
1508 3765 1682 3813 days.”
1734 3763 2339 3808 circumfundebantur:
2378 3763 2502 3803 mid·

407 3831 658 3871 convened
693 3832 814 3882 only
849 3832 915 3881 by
945 3841 975 3871 a
1004 3832 1183 3880 highcr
1221 3833 1404 3882 magis-
1508 3832 1587 3870 dle
1606 3831 1756 3871 voice.
