2967 4384
323 249 439 306 viii.
467 251 526 319 1]
1136 248 1370 306 mna
1406 249 1606 307 xxm
2315 252 2421 307 100

488 424 633 486 VII.
682 426 992 486 Ceterum
1032 423 1374 513 Hannibal
1414 429 1492 485 ut
1532 440 1653 484 nec
1693 422 1905 486 hostis
1944 423 2091 486 elici
2132 424 2421 504 amplius
2457 436 2490 488 1

321 525 412 586 ad
454 541 749 604 pugnam
790 524 962 586 vidit
1002 540 1219 604 neque
1264 542 1381 603 per
1419 530 1638 588 castra
1678 541 1911 586 eorum
1954 525 2292 604 perru'mm
2332 526 2422 588 ad

321 625 624 702 Capuam
685 641 897 704 posse,
957 643 1040 686 ne
1099 642 1256 686 suos
1319 641 1583 704 quoque
1642 630 2054 686 commeatus
2111 624 2424 687 interclu-
2456 639 2493 690 2

328 726 555 786 derent
586 725 747 788 novi
779 727 1106 803 consuleS,
1139 724 1495 788 abscedere
1526 723 1725 786 inrito
1757 726 2022 803 incepto
2055 731 2119 786 et
2150 741 2421 788 movere

323 843 366 886 a
422 825 652 905 Capua
709 824 943 887 statuit
1001 830 1240 886 castra.
1329 825 1545 886 Multa
1602 841 1850 901 secum,
1916 841 2209 902 quonam
2265 824 2422 886 inde
2457 841 2494 893 3

323 924 415 986 ire
488 930 806 1004 pergeret,
876 923 1178 986 volventi
1243 923 1447 986 subiit
1490 921 1794 985 animum
1860 923 2149 1002 impetus
2218 930 2424 1003 caput

322 1024 546 1103 ipsum
595 1024 747 1085 belli
794 1024 1085 1086 Romam
1135 1022 1424 1102 petendi,
1474 1022 1663 1084 cuius
1710 1022 1803 1084 rei
1850 1040 2111 1103 semper
2158 1024 2422 1103 cupitae

326 1123 861 1203 praetermissam
895 1122 1313 1185 occasionem
1347 1128 1495 1201 post
1545 1123 1961 1184 Cannensem
2014 1139 2309 1203 pugnam
2358 1131 2424 1188 et

323 1223 436 1284 alii
481 1223 683 1302 vulgo
712 1223 1091 1284 fremebant
1136 1229 1202 1284 et
1243 1222 1385 1300 ipse
1429 1238 1567 1282 non
1615 1221 2111 1287 dissimulabat:
2154 1225 2423 1302 necopi-
2456 1238 2494 1289 4

323 1328 483 1385 nato
522 1340 768 1400 pavore
804 1340 883 1384 ac
917 1324 1214 1384 tumultu
1248 1339 1385 1383 non
1420 1338 1560 1384 esse
1601 1322 2090 1400 desperandum
2123 1323 2424 1402 aliquam

328 1429 586 1502 partem
641 1421 828 1484 urbis
885 1421 1198 1500 occupari
1258 1439 1476 1500 posse3
1535 1426 1623 1500 et,
1681 1421 1736 1483 si
1793 1423 2011 1484 Roma
2066 1422 2138 1483 in
2198 1424 2424 1485 discri-
2457 1435 2493 1487 5

327 1522 503 1584 mine
573 1527 766 1600 esset,
835 1522 1140 1601 Capuam
1206 1523 1539 1600 extemplo
1609 1521 1967 1584 omissuros
2035 1529 2153 1586 aut
2220 1524 2423 1586 ambo

327 1623 758 1702 imperatores
810 1622 1154 1684 Romanos
1205 1627 1324 1684 aut
1376 1622 1663 1683 alterum
1714 1640 1795 1683 ex
1846 1621 1949 1700 iis,
2004 1629 2090 1701 et,
2144 1623 2200 1686 si
2258 1624 2425 1686 divi-

326 1722 561 1784 sissent
615 1721 866 1800 copias,
918 1727 1279 1799 utrumque
1332 1719 1767 1782 infirmiorem
1819 1721 2075 1783 factum
2127 1729 2244 1786 aut
2296 1724 2425 1786 sibi

326 1828 444 1884 aut
479 1821 839 1900 Campanis
877 1820 1042 1882 bene
1080 1821 1406 1900 gerendae
1442 1820 1537 1882 rei
1572 1821 1915 1883 fortunam
1955 1822 2224 1886 daturos
2260 1841 2421 1886 esse.

327 1921 478 1982 Una
532 1939 612 1983 ea
667 1938 828 1983 cura
883 1919 1195 1999 angebat,
1252 1937 1359 1999 ne,
1416 1920 1537 1982 ubi
1591 1920 2035 1998 abscessisset,
2093 1926 2424 2001 extemplo
2460 1935 2497 1987 6

331 2022 729 2082 dederentur
776 2020 1123 2099 Campani.
1211 2019 1577 2081 Numidam
1628 2027 2015 2099 promptum
2062 2023 2151 2083 ad
2201 2025 2427 2086 omnia

328 2121 642 2182 audenda
694 2120 1087 2199 agendaque
1147 2119 1336 2180 donis
1395 2119 1669 2197 perlicit,
1724 2126 1801 2181 ut
1853 2120 2085 2184 litteris
2140 2123 2429 2201 acceptis

329 2220 544 2298 specie
584 2219 970 2298 transfugae
1011 2225 1231 2282 castra
1269 2219 1580 2280 Romana
1618 2219 1950 2298 ingressus
1990 2222 2199 2283 altera
2244 2229 2428 2300 parte

331 2322 503 2382 clam
539 2320 845 2399 Capuam
881 2320 1226 2398 pervadat.
1315 2318 1600 2381 Litterae
1635 2325 1864 2382 autem
1896 2327 2085 2382 erant
2119 2322 2433 2384 adhorta·
2464 2335 2499 2386 '7

329 2420 507 2482 tione
562 2421 831 2500 plenae:
895 2418 1377 2498 profectionem
1435 2437 1651 2497 suam,
1708 2437 1875 2499 quae
1936 2421 2246 2484 salutaris
2305 2423 2434 2485 illis

331 2521 523 2598 foret,
581 2519 1074 2582 abstracturam
1129 2519 1219 2581 ad
1279 2518 1770 2581 defendendam
1824 2521 2113 2583 Romam
2169 2522 2256 2584 ab
2315 2540 2435 2601 op-

336 2620 696 2700 pugnanda
742 2621 976 2699 Capua
1024 2620 1224 2680 duces
1269 2625 1472 2698 atque
1520 2619 1843 2682 exercitus
1888 2621 2250 2686 Romanos.
2339 2625 2433 2686 Ne

337 2720 823 2799 desponderent
867 2719 1157 2798 animos3
1199 2720 1547 2782 tolerando
1596 2736 1844 2798 paucos
1892 2721 2029 2784 dies
2072 2728 2285 2785 totam
2329 2718 2435 2786 So·
2466 2737 2505 2788 8

339 2822 596 2882 luturos
649 2819 1088 2882 obsidionem.
1177 2819 1341 2881 Inde
1394 2819 1589 2882 navis
1638 2819 1709 2881 in
1780 2821 2054 2884 flumine
2106 2824 2433 2886 Vulturno
2464 2837 2503 2890 9

335 2920 846 2999 comprehensas
870 2918 1089 2998 subigi
1112 2919 1203 2981 ad
1225 2919 1317 2996 id,
1349 2920 1529 2998 quod
1552 2918 1691 2980 iam
1715 2925 1868 2982 ante
1899 2921 2207 2998 praesidii
2234 2942 2437 2986 causa

334 3021 604 3098 fecerat,
661 3021 1009 3082 castellum
1064 3018 1276 3096 iussit,
1340 3036 1625 3097 quarum
1679 3019 1798 3081 ubi
1853 3026 2116 3082 tantam
2173 3024 2437 3102 copiam
2471 3030 2545 3082 10

335 3137 498 3197 esse,
545 3124 621 3180 ut
665 3136 804 3180 una
848 3124 1042 3182 nocte
1088 3118 1279 3179 traici
1328 3125 1548 3196 posset
1594 3119 1939 3197 exercitus,
1988 3122 2269 3183 allatum
2314 3131 2437 3202 est,

338 3217 602 3280 cibariis
660 3218 887 3281 decem
944 3217 1202 3279 dierum
1258 3219 1667 3296 praeparatis
1724 3220 2043 3282 deductas
2097 3230 2290 3285 nocte
2347 3225 2436 3285 ad

336 3318 624 3380 fluvium
659 3317 948 3396 legiones
987 3322 1140 3378 ante
1179 3317 1398 3378 lucem
1433 3317 1712 3380 traiecit.

507 3417 688 3479 VIII.
736 3416 812 3478 Id
862 3416 1253 3496 priusquam
1297 3419 1505 3495 fieret,
1553 3417 1648 3481 ita
1694 3419 1999 3481 futurum
2044 3430 2439 3500 conpertum
2474 3434 2507 3484 1

338 3581 555 3626 VII-11.
607 3581 656 3626 θ.
720 3580 995 3625 Hannibal
1011 3581 1262 3625 Marches
1279 3584 1338 3625 to
1441 3582 1597 3633 posed
1616 3585 1671 3624 to
1691 3582 1951 3625 consilium.

555 3649 654 3692 the
670 3648 838 3692 Walls
855 3649 918 3691 of
938 3649 1122 3692 Rome.
1494 3649 1542 3694 δ.
1596 3649 1861 3695 altorum:
1884 3662 1948 3692 sc.
1972 3651 2270 3694 omissurum.

391 3715 502 3757 VII.
556 3717 603 3760 1.
657 3715 965 3767 perrumpi:
1011 3713 1335 3767 impersonal.
1493 3716 1541 3760 6.
1596 3717 1782 3768 speeie
1801 3719 2155 3772 transfugae:
2182 3722 2440 3772 “pretend-

392 3783 439 3826 8.
493 3782 768 3828 volventi:
815 3791 880 3823 sc.
921 3781 965 3822 ei
1008 3781 1336 3830 (Hannibali).
1442 3782 1532 3832 ing
1552 3786 1605 3824 to
1624 3786 1683 3824 be
1702 3787 2024 3827 adeserter.''

343 3846 605 3896 moetus:
644 3851 710 3890 “a
736 3848 932 3890 sudden
950 3847 1222 3900 thoughtss’
1254 3859 1338 3900 op·
1497 3849 1634 3891 VIII.
1690 3852 1735 3896 1.
1789 3851 2043 3898 futurum
2092 3853 2284 3904 (essen
2330 3839 2443 3896 'the
