2967 4384
370 267 447 325 iv.
473 270 532 338 2]
1233 267 1465 325 unna
1510 267 1657 324 XXI
2390 271 2460 323 1¹7

369 443 678 505 Ceterum
703 440 914 504 nihilo
945 441 1004 503 ei
1048 459 1178 520 pax
1223 443 1428 502 tutior
1456 440 1619 504 fuit:
1659 437 1978 503 barbarus
2006 458 2163 502 eum
2192 441 2461 519 quidam
2496 455 2531 506 6

368 542 590 621 palam
620 542 700 602 ob
730 542 902 603 iram
927 541 1258 602 interfecti
1300 540 1382 601 ab
1412 558 1490 602 eo
1536 540 1788 602 domini
1832 540 2271 618 obtruncavit,
2304 560 2461 603 con-

367 658 768 720 prensusque
799 642 882 703 ab
926 640 1503 702 circumstantibus
1547 641 1728 702 haud
1773 641 1927 718 ali0,
1959 658 2161 720 quam
2204 642 2260 703 si
2306 659 2460 703 eva-

367 742 579 817 sisset,
605 742 818 819 vultu,
864 742 1210 802 tormentis
1256 757 1513 819 quoque
1563 758 1717 802 cum
1758 739 2180 818 laceraretur,
2210 759 2287 803 eo
2333 741 2461 802 fuit

366 841 600 903 habitu
629 842 780 918 oriS,
827 846 903 902 ut
948 845 1298 919 superante
1343 840 1600 902 laetitia
1644 840 1897 902 dolores
1943 842 2212 903 ridentis
2259 841 2461 903 etiam

367 941 652 1020 speciem
696 940 1088 1019 praebuerit.
1199 940 1367 1001 Cum
1409 941 1537 1002 hoc
1583 941 2020 1019 Hasdrubale,
2051 941 2207 1020 quia
2252 941 2458 1003 mirae
2495 951 2529 1000 ’7

368 1042 528 1103 artis
555 1041 626 1101 in
671 1041 1098 1102 sollicitandis
1141 1040 1444 1120 gentibus
1494 1042 1893 1119 imperioque
1944 1058 2065 1103 suo
2115 1041 2460 1121 iungendis

366 1140 607 1217 fuerat,
664 1140 896 1203 foedus
952 1146 1384 1203 renovaverat
1438 1141 1719 1220 populus
1768 1141 2134 1218 Romanus,
2184 1146 2260 1202 ut
2308 1141 2460 1202 finis

366 1241 706 1320 utriusque
768 1241 1023 1319 imperii
1086 1246 1256 1303 esset
1313 1241 1530 1302 amnis
1597 1240 1881 1301 Hiberus
1953 1240 2457 1318 Saguntinisque

364 1341 598 1401 mediis
694 1340 866 1401 inter
969 1340 1245 1419 imperia
1344 1340 1628 1402 duorum
1715 1341 2111 1419 populorum
2193 1340 2459 1402 libertas

366 1444 758 1501 servaretur.

537 1540 657 1601 111.
699 1540 778 1600 In
820 1538 1252 1600 Hasdrubalis
1291 1538 1515 1600 locum
1555 1540 1733 1601 haud
1776 1539 1975 1601 dubia
2001 1557 2104 1601 res
2141 1540 2269 1601 fuit
2300 1541 2459 1618 quin
2496 1550 2527 1600 1

365 1639 892 1717 praerogativam
931 1638 1309 1715 militarem,
1333 1654 1464 1716 qua
1493 1638 1817 1716 extemplo
1838 1639 2094 1701 iuvenis
2123 1640 2460 1701 Hannibal

365 1739 436 1799 in
506 1739 910 1816 praetorium
977 1738 1232 1800 delatus
1299 1739 1779 1817 imperatorque
1837 1739 2089 1818 ingenti
2156 1735 2473 1801 omnium

367 1839 652 1900 clamore
725 1843 938 1916 atque·
991 1837 1273 1898 adsensu
1343 1838 1705 1916 appellatus
1773 1844 1937 1916 erat,
1994 1839 2186 1901 favor
2255 1840 2458 1918 plebis

366 1941 763 2016 sequeretur.

319 2037 473 2136 J
517 2037 627 2097 IV.
681 2037 922 2098 Missus
951 2035 1285 2097 Hannibal
1314 2035 1384 2096 in
1421 2035 1816 2115 Hispaniam
1841 2038 2054 2117 primo
2084 2039 2311 2100 statim
2342 2040 2458 2101 ad·
2494 2048 2527 2098 1

364 2141 569 2198 ventu
625 2153 893 2197 omnem
941 2136 1302 2198 exercitum
1350 2137 1420 2196 in
1469 2155 1537 2198 se
1591 2139 1945 2204 convertit:
2005 2138 2459 2201 Hamilcarem
2493 2145 2529 2195 2

365 2236 674 2297 iuvenem
722 2235 1051 2298 redditum
1095 2235 1217 2296 sibi
1236 2316 1240 2320 Ι
1258 2241 1511 2298 veteres
1555 2221 1797 2299 milites
1844 2239 2123 2316 credere,
2175 2239 2458 2301 eundem

363 2336 658 2415 vigorem
706 2336 776 2395 in
824 2335 1016 2396 vultu
1061 2335 1326 2414 vimque
1377 2334 1447 2395 in
1493 2337 1719 2413 ocuIiS,
1751 2337 2057 2399 habitum
2089 2339 2220 2400 oris
2248 2339 2457 2400 linea-

365 2440 717 2514 mentaque
775 2435 1037 2496 intueri.
1127 2435 1296 2518 Qu
1353 2435 1533 2496 brevi
1590 2437 1830 2514 effecit,
1888 2442 1964 2498 ut
2020 2442 2206 2515 pater
2261 2438 2331 2498 in
2386 2455 2454 2498 se

365 2535 721 2597 minimum
767 2535 1186 2596 momentum
1229 2535 1313 2596 ad
1373 2535 1673 2597 favorem
1735 2537 2221 2598 conciliandum
2264 2543 2454 2599 esset.

414 2731 462 2776 6.
519 2732 809 2777 interfecti
825 2763 836 2776 .
857 2763 868 2776 .
887 2764 898 2777 .
923 2731 1150 2776 domini:
1181 2742 1261 2773 see
1279 2733 1357 2772 In-

367 2799 658 2851 troduction
677 2800 812 2840 VIII.
846 2799 871 2839 3
904 2798 970 2849 (b)
1009 2800 1108 2840 and
1145 2799 1281 2839 V.111.
1314 2799 1351 2838 7.

367 2865 862 2909 circumstantibus
873 2873 884 2907 ε
958 2867 982 2884 “
1003 2865 1317 2914 bystanders.
1328 2866 1355 2884 ·’

366 2929 607 2975 eoz=tali.
671 2929 892 2975 habitu:
927 2931 1147 2971 ablativo
1191 2931 1246 2971 ot
1279 2931 1356 2971 de-

366 2997 625 3048 scription.
679 2996 940 3041 ridentis:
959 2997 1183 3047 genitive
1199 2998 1253 3037 oi
1272 2999 1356 3037 the

366 3063 644 3114 participle,
682 3064 804 3104 used
844 3063 1217 3115 substantively
1253 3065 1353 3104 and

365 3131 652 3180 moditying
669 3129 876 3179 speciem.
959 3151 964 3156 ·

415 3197 461 3241 ''1-
518 3196 641 3241 hoc:
661 3198 818 3237 refers
836 3200 890 3236 to
909 3198 994 3238 the
1018 3197 1280 3239 character
1304 3198 1357 3237 ot

366 3262 653 3304 Hasdrubal
673 3273 730 3304 as
748 3263 983 3304 sketched
997 3265 1166 3304 above.
1199 3265 1262 3306 ut
1277 3295 1290 3307 .
1309 3294 1320 3306 .
1340 3293 1352 3306 .

367 3331 535 3374 esset:
556 3338 587 3370 a
605 3330 926 3370 substantive
952 3329 1162 3370 volitive
1187 3331 1357 3370 clause

367 3395 422 3436 in
455 3395 748 3446 apposition
780 3395 905 3435 with
941 3405 1008 3436 an
1042 3403 1095 3435 ea
1137 3393 1232 3445 leqe
1265 3395 1358 3436 im-

367 3462 497 3512 plied
514 3462 569 3503 in
588 3463 672 3503 the
690 3461 928 3512 previous
940 3463 1122 3502 clause.
1177 3463 1357 3504 Trans-

333 3529 470 3593 μαι-,ο
505 3532 604 3569 “on
630 3527 888 3570 condition
925 3530 1090 3569 that.'’
1144 3528 1354 3579 sagun-

342 3594 506 3638 ,tinia
523 3592 743 3638 mediis:
765 3603 796 3636 a
820 3594 995 3634 rather
1014 3604 1176 3644 vague
1203 3601 1355 3635 state-

367 3664 520 3708 ment,
552 3659 801 3710 implying
837 3661 953 3701 that
989 3660 1278 3710 Saguntum
1313 3662 1357 3701 is

368 3727 588 3768 situated
608 3735 674 3767 on
693 3727 778 3766 the
795 3727 948 3774 Ebro‚
966 3727 1114 3767 while
1132 3727 1185 3766 in
1201 3727 1304 3767 fact
1316 3727 1358 3768 it

366 3794 458 3834 lies
484 3802 515 3835 a
540 3793 768 3833 hundred
799 3792 944 3833 miles
979 3798 1033 3833 to
1068 3794 1155 3834 the
1189 3796 1354 3834 south.

367 3859 623 3906 libertas:
655 3860 1012 3910 “autonomy.’·

1459 2732 1551 2776 111.
1574 2734 1618 2776 1.
1644 2732 1809 2776 Iv-V.
1838 2735 1882 2776 2.
1910 2733 2183 2778 Hannibal
2199 2735 2255 2777 in
2274 2734 2454 2786 Spain.

1500 2822 1507 2843 l

1510 2857 1599 2907 111.
1637 2867 1683 2910 1.
1747 2865 2189 2918 praerogitivam
2241 2867 2455 2911 milita-

1457 2940 1597 2977 rem:
1643 2935 1761 2975 “the
1808 2935 2142 2986 preliminary
2189 2935 2359 2976 choice
2400 2936 2456 2974 oi'

1458 3000 1545 3039 the
1578 3000 1838 3040 soldiers.'’
1892 3001 1995 3040 'Phe
2036 3003 2221 3053 phrase
2254 3001 2300 3041 is
2342 3011 2455 3050 sug-

1455 3066 1630 3115 gested
1661 3067 1725 3116 by
1754 3067 1838 3106 the
1867 3067 2193 3118 praerogativa
2222 3067 2451 3117 centuria,

1457 3134 1543 3173 the
1570 3136 1781 3183 century
1798 3133 1964 3174 which
1980 3134 2128 3174 voted
2158 3134 2271 3174 first
2295 3132 2351 3174 in
2370 3135 2455 3174 the

1458 3197 1656 3239 Roman
1673 3199 1883 3240 comitia
1905 3200 2005 3240 and
2028 3200 2148 3241 thus
2167 3201 2454 3251 frequently

1478 3264 1737 3305 nfluenced
1760 3266 1842 3305 the
1859 3266 2033 3306 result.

1508 3331 1592 3370 IV.
1619 3331 1663 3374 1.
1719 3331 1979 3372 Hannibal
2024 3333 2124 3372 had
2172 3334 2296 3373 been
2322 3343 2453 3373 sum·
2498 3337 2501 3340 ’
2536 3328 2543 3336 “
2581 3308 2618 3331 '²

1458 3398 1640 3437 moned
1660 3401 1713 3437 to
1734 3397 1895 3447 Spain
1920 3400 1986 3449 by
2006 3399 2296 3440 Hasdrubal
2315 3409 2454 3439 some

1459 3471 1606 3513 years
1658 3464 1827 3504 betore
1880 3465 1966 3505 the
2016 3465 2217 3506 latter·s
2284 3466 2449 3506 death.

1459 3529 1587 3580 Livy
1622 3531 1743 3570 does
1776 3534 1869 3571 not
1899 3531 2070 3572 follow
2105 3541 2136 3572 a.
2171 3531 2455 3572 consistent

1459 3596 1736 3646 authority.

1511 3663 1558 3704 2.
1614 3660 1860 3706 credere:
1898 3662 2131 3708 intueri:
2170 3673 2251 3704 see
2293 3664 2455 3704 Intro-

1459 3727 1669 3768 duction
1688 3728 1823 3768 VIII.
1852 3730 1877 3768 4
1897 3729 1981 3779 (b).
2047 3729 2226 3774 brevi:
2257 3740 2324 3771 sc.
2348 3730 2456 3769 tem-

1455 3803 1588 3842 pore.
1628 3794 1793 3844 pater
1812 3794 1873 3838 in
1892 3802 1974 3839 se:
1995 3804 2026 3836 a.
2039 3795 2236 3836 concise
2255 3797 2450 3857 phrase.

1465 3860 1589 3900 “His
1615 3861 1957 3902 resemblance
1976 3865 2029 3901 to
2046 3862 2128 3901 his
2154 3862 2369 3901 rather.’·
2399 3860 2435 3891 is
