2967 4384
378 250 455 303 iii.
483 251 540 316 e]
1170 218 1433 300 'unna
1469 243 1647 298 xxn
2399 242 2472 295 57

385 421 561 500 perie
606 420 911 483 variante
955 420 1208 481 calores
1249 418 1659 497 frigoraque,
1704 415 2088 495 elephanto,
2136 415 2249 495 qui
2290 433 2467 477 unus
2502 429 2570 479 11

379 521 827 600 superfuerat,
873 537 1003 598 quo
1043 518 1243 580 altius
1282 519 1370 579 ab
1409 534 1592 596 aqua
1630 523 1907 596 extaret,
1941 522 2198 595 vectus,
2223 516 2468 596 vigiliis

379 629 610 684 tamen
659 627 725 682 et
773 626 1104 681 nocturno
1152 635 1386 679 umore
1441 618 1855 697 palustrique
1906 618 2092 679 caelo
2141 624 2466 696 gravante

379 727 608 800 caput,
637 727 702 783 et
734 719 892 799 quia
916 717 1232 780 medendi
1258 736 1379 780 nec
1406 719 1595 780 locus
1620 736 1742 781 nec
1767 724 2037 797 tempus
2063 724 2229 797 erat,
2257 720 2467 780 altero

379 823 575 884 oculo
613 819 897 899 capitur.

551 921 673 982 111.
722 919 953 982 Multis
1004 918 1396 982 hominibus
1447 919 1900 999 iumentisque
1953 920 2148 983 foede
2203 920 2466 983 amissis
2502 917 2535 967 1

379 1037 538 1085 cum
580 1021 860 1084 tandem
908 1020 986 1082 de
1037 1020 1400 1099 paludibus
1445 1020 1844 1098 emersisset,
1890 1020 2009 1081 ubi
2058 1019 2352 1100 primum
2395 1020 2465 1081 in

378 1122 556 1185 sicco
614 1121 856 1201 potuit,
911 1127 1134 1183 castra
1185 1122 1386 1199 locat,
1441 1127 1834 1199 certumque
1893 1138 2009 1199 per
2064 1121 2465 1200 praemissos

378 1222 834 1301 exploratores
882 1221 1124 1282 habuit
1173 1221 1540 1283 exercitum
1588 1222 1975 1282 Romanum
2024 1220 2202 1283 circa
2248 1220 2464 1282 Arreti

377 1321 649 1383 moenia
691 1338 856 1384 esse.
948 1320 1256 1382 Consulis
1304 1320 1543 1383 deinde
1589 1320 1869 1382 consilia
1910 1327 2114 1399 atque
2159 1320 2465 1382 animum
2498 1336 2533 1386 2

378 1427 444 1484 et
486 1421 694 1484 situm
733 1419 1086 1501 regionum
1124 1420 1501 1498 itineraque
1543 1427 1607 1482 et
1649 1419 1878 1499 copias
1919 1421 2007 1482 ad
2048 1425 2465 1482 commeatus

378 1520 833 1599 expediendos
896 1527 962 1582 et
1025 1527 1268 1598 cetera,
1340 1537 1509 1598 quae
1574 1537 1893 1599 cognosse
1956 1518 2029 1580 in
2090 1536 2234 1581 rem
2296 1524 2463 1598 erat,

377 1638 648 1683 summa
674 1619 904 1682 omnia
929 1637 1087 1681 cum
1113 1637 1274 1682 cura
1299 1618 1704 1698 inquirendo
1732 1618 2244 1697 exsequebatur.
2335 1621 2465 1681 Re·
2498 1634 2534 1686 3

377 1719 485 1800 gio
539 1726 682 1782 erat
732 1719 804 1780 in
857 1718 1087 1798 primis
1137 1718 1372 1781 Italiae
1422 1718 1682 1797 fertilis,
1734 1717 1997 1781 Etrusci
2048 1718 2294 1799 campi,
2353 1719 2465 1798 qui

377 1820 696 1882 Faesulas
732 1818 906 1881 inter
941 1819 1411 1898 Arretiumque
1449 1819 1693 1897 iacent,
1718 1817 2053 1888 ,frumenti
2089 1837 2167 1881 ac
2210 1819 2465 1898 pecoris

377 1926 443 1983 et
480 1920 787 1982 omnium
820 1920 1019 1999 copia
1052 1936 1278 1980 rerum
1313 1917 1645 1998 opulenti;
1691 1921 1925 1981 consul
1959 1919 2147 1981 ferox
2183 1919 2272 1981 ab
2307 1938 2465 1982 con·
2499 1921 2537 1972 4

376 2022 604 2083 sulatu
644 2019 859 2100 priore
914 2025 979 2082 et
1035 2037 1173 2081 non
1213 2020 1416 2081 modo
1472 2021 1700 2099 legum
1755 2025 1873 2081 aut
1934 2024 2203 2098 patrum
2259 2020 2465 2082 maie-

379 2121 574 2183 statis
632 2121 750 2182 sed
808 2137 892 2180 ne
957 2120 1237 2181 deorum
1300 2118 1572 2197 quidem
1629 2118 1791 2181 satis
1850 2125 2178 2182 metuenS.
2270 2121 2465 2182 Hanc

378 2219 657 2282 insitam
682 2218 953 2300 ingenio
981 2218 1124 2281 eius
1162 2219 1613 2280 temeritatem
1637 2219 1913 2281 fortuna
1944 2237 2261 2299 prospero
2302 2220 2467 2283 civi-

378 2320 557 2382 libus
608 2318 994 2398 bellicisque
1042 2319 1242 2382 rebus
1289 2336 1601 2382 successu
1647 2320 1927 2382 aluerat.
2019 2320 2257 2398 Itaque
2304 2320 2467 2382 satis
2500 2329 2536 2380 5

380 2420 758 2499 apparebat
815 2437 939 2481 nec
1003 2419 1161 2481 deos
1219 2437 1342 2480 nec
1399 2417 1709 2481 homines
1770 2420 2234 2482 consulentem
2291 2420 2468 2482 fero-

380 2519 545 2582 citer
591 2517 821 2581 omnia
866 2537 945 2581 ac
996 2536 1437 2598 praepropere
1486 2524 1827 2596 acturum3
1879 2535 2144 2599 quoque
2196 2520 2468 2599 pronior

380 2624 553 2682 esset
598 2617 670 2679 in
718 2617 885 2681 vitia
932 2635 1078 2697 sua,
1127 2617 1379 2698 agitare
1427 2635 1586 2680 eum
1630 2624 1834 2697 atque
1881 2617 2155 2682 inritare
2203 2620 2467 2682 Poenus

384 2724 599 2798 parat,
661 2725 727 2781 et
785 2719 985 2780 laeva
1044 2717 1271 2780 relicto
1325 2718 1517 2779 hoste
1571 2717 1889 2780 Faesulas
1953 2724 2182 2797 petens
2243 2721 2465 2782 medio
2500 2731 2537 2783 6

379 2817 687 2881 Etruriae
722 2836 883 2897 agro
922 2835 1078 2896 prae
1088 2818 1325 2880 datum
1360 2816 1700 2895 profectus
1740 2825 2066 2898 quantam
2097 2819 2466 2882 maximam

430 2998 509 3043 10.
563 2996 849 3042 variante:
911 2998 1030 3039 here
1075 2979 1374 3044 ¹transitiva

380 3065 729 3116 “alternating
798 3065 1022 3106 between
1089 3065 1210 3106 hear.
1277 3065 1378 3106 and

378 3132 542 3175 cold.‘’

1473 2998 1639 3048 tage.”
1707 2997 1952 3050 Compare
1995 2998 2157 3049 reffert.
2229 3008 2464 3045 summa:

1471 3069 1682 3106 connect
1700 3065 1827 3106 with
1845 3075 1949 3106 cum
1966 3075 2095 3106 cura.

1524 3131 1571 3175 8.
1624 3132 1903 3181 opulenti:
1931 3142 2107 3183 agrees
2134 3133 2269 3175 with·
2297 3133 2463 3183 campi.

429 3198 512 3244 u.
555 3197 740 3243 altero
760 3197 922 3244 oculo
941 3197 1190 3249 capitur:
1215 3199 1377 3240 “loses

379 3265 466 3307 the
483 3265 624 3317 sight
639 3266 696 3306 ot
722 3275 818 3306 one
844 3267 982 3315 eye.‘’
1041 3264 1180 3306 Oculo
1210 3265 1376 3315 captus

379 3341 498 3384 may
531 3332 592 3373 be
628 3331 750 3372 used
785 3332 950 3373 either
983 3332 1039 3372 ot
1063 3340 1160 3372 one
1184 3341 1377 3382 perma-

379 3398 555 3450 nently
584 3397 725 3439 blind
755 3407 815 3439 or
839 3398 894 3438 of
921 3407 1018 3439 one
1047 3399 1377 3450 temporarily

379 3464 593 3506 blinded.

447 3530 677 3575 III-VII.
730 3531 914 3575 Battle
939 3531 1002 3574 of
1030 3531 1179 3575 Lake
1205 3531 1330 3574 Tra-

761 3599 1011 3642 simenus.

427 3664 520 3707 111.
577 3665 624 3712 1.
679 3665 895 3710 eertum
929 3665 1152 3710 habuit:
1198 3675 1279 3706 see
1312 3667 1374 3706 21.

381 3732 440 3773 43.
465 3733 525 3772 16.

429 3800 475 3842 2.
534 3807 818 3851 cognosse:
854 3815 893 3832 =
925 3799 1212 3850 coqnovisse.
1318 3799 1377 3843 in

380 3873 517 3908 rom:
565 3870 650 3904 ··to
681 3868 764 3905 the
793 3866 950 3916 point,
991 3871 1044 3906 to
1080 3867 1159 3906 his
1195 3867 1377 3907 advan-

1471 3198 1523 3238 It.
1556 3198 1603 3239 is
1643 3200 1913 3239 construed
1951 3199 2078 3240 with
2114 3202 2202 3241 the
2244 3201 2467 3241 ablativo

1470 3263 1621 3314 copia,
1642 3274 1779 3316 upon
1794 3266 1958 3306 which
1976 3268 2062 3307 the
2073 3267 2341 3318 preceding
2353 3261 2466 3318 gen·

1469 3332 1624 3372 itives
1641 3333 1849 3384 depend.

1520 3399 1568 3442 4.
1616 3399 1821 3450 legum:
1842 3397 2091 3448 objective
2104 3400 2325 3450 genmve
2339 3401 2466 3441 with

1469 3465 1691 3511 metuens,
1712 3467 1984 3506 construed
2020 3477 2079 3508 as
2106 3476 2173 3507 an
2202 3467 2464 3515 adjective.

1471 3531 1715 3582 ingenio:
1746 3533 1917 3573 dative
1945 3534 2068 3573 with
2105 3533 2315 3574 insitam.
2363 3534 2469 3573 “in-

1471 3600 1639 3639 nata’'
1695 3598 1983 3643 civilibus:
2013 3600 2300 3640 Flaminius
2334 3599 2467 3640 built,

1473 3666 1559 3705 the
1602 3664 1699 3706 Via.
1735 3665 1992 3706 Flaminia.
2026 3667 2125 3707 and
2174 3667 2258 3706 the
2292 3665 2466 3707 Circus

1471 3732 1768 3773 Flaminius.

1526 3801 1569 3843 5.
1624 3807 1857 3850 quoque:
1904 3800 1990 3839 =et
2008 3809 2113 3850 quo.

1525 3867 1570 3909 6.
1626 3866 1981 3916 praedatum:
2010 3868 2200 3918 supine.
