2967 4384
373 218 512 276 xliv.
540 220 597 288 9]
1221 212 1451 274 unna
1491 214 1637 274 m
2398 214 2471 272 43

382 391 570 452 dolor
629 389 875 452 iniu‘ria
937 389 1326 468 indignitas,
1417 389 1522 449 Ad
1584 388 1995 467 supplicium
2060 387 2465 467 depoposce-

376 496 534 553 runt
562 508 675 552 me
709 491 948 552 ducem
982 489 1301 568 primum,
1338 489 1579 550 deinde
1614 505 1736 550 vos
1767 505 2023 576 omneS,
2061 489 2175 568 qui
2211 490 2466 566 Sagun-

376 597 525 653 tum
566 589 1111 669 oppugnassetis3
1163 589 1424 651 deditos
1463 587 1719 650 ultimis
1775 587 2185 650 cruciatibus
2240 589 2466 650 adfec-

379 691 512 754 turi
556 692 855 754 fuerunt.
949 689 1428 752 crudelissima
1474 707 1556 752 ac
1604 688 2087 768 superbissima
2135 705 2297 767 gens
2346 707 2467 751 sua
2504 701 2538 751 5

379 789 609 853 omnia
646 789 887 869 suique
923 789 1184 852 arbitrii
1218 788 1407 851 facit.
1501 789 1673 850 Cum
1714 788 1960 868 quibus
2001 787 2274 866 bellum,
2312 806 2468 850 cum

383 891 628 977 quibus
669 908 906 971 pacem
942 890 1341 969 habeamus,
1380 907 1450 952 se
1488 889 1773 952 modum
1807 889 2468 969 inponereaequum

380 994 625 1053 censet.
719 989 1221 1053 Circumscribit
1272 988 1696 1069 includitque
1746 1007 1869 1050 nos
1922 989 2225 1051 terminis
2276 1006 2465 1050 mon-

380 1092 552 1154 tium
600 1091 1120 1170 fluminumque,
1175 1109 1343 1170 quos
1391 1108 1532 1152 non
1579 1090 2007 1168 excedamuS,
2058 1107 2279 1170 neque
2328 1108 2466 1168 eos,

384 1208 551 1271 quos
591 1190 852 1270 statuit,
896 1189 1218 1253 terminos
1261 1190 1599 1254 observat.
1692 1190 1833 1252 “Ne
1877 1189 2221 1252 transieris
2263 1189 2465 1252 Hibe·
2502 1203 2540 1254 6

378 1291 564 1352 rum!
609 1291 704 1352 Ne
738 1288 900 1370 quid
938 1290 1033 1352 rei
1071 1289 1194 1351 tibi
1223 1289 1308 1352 sit
1339 1307 1497 1352 cum
1530 1289 1916 1368 Saguntinis
1934 1290 1999 1352 !”
2057 1291 2143 1352 At
2180 1289 2468 1351 liberum

378 1396 479 1452 est
505 1392 904 1468 Saguntum.
960 1391 1356 1470 “Nusquam
1373 1396 1439 1453 te
1466 1389 1747 1468 vestigio
1776 1390 2069 1452 moveris
2087 1392 2153 1452 ν’
2221 1393 2468 1453 Parum
2504 1406 2540 1457 ‘1

379 1496 502 1569 est,
547 1491 728 1571 quod
772 1492 1163 1554 veterrimas
1207 1491 1591 1571 provincias
1630 1508 1817 1553 meas
1861 1491 2156 1554 Siciliam
2193 1508 2273 1552 ac
2318 1492 2467 1553 Sar-

385 1589 639 1651 diniam
677 1589 1032 1653 ademisti?
1119 1589 1379 1652 Adimis
1418 1591 1627 1652 etiam
1667 1589 2075 1668 Hispanias?
2162 1591 2270 1668 Et,
2309 1589 2468 1652 inde

380 1691 435 1752 si
474 1691 838 1770 decessere,
871 1692 944 1752 in
976 1692 1276 1754 Africam
1308 1692 1767 1754 transcendes.
1857 1690 2315 1754 Transcendes
2346 1709 2467 1752 au-

381 1791 558 1853 tem?
645 1790 1162 1854 Transcendisse
1221 1791 1396 1871 dico;
1449 1790 1617 1854 duos
1671 1791 1977 1853 consules
2029 1789 2231 1853 huius
2280 1791 2466 1869 anni,

380 1908 596 1952 unum
608 1891 681 1952 in
693 1891 1016 1971 Africam,
1031 1893 1322 1954 alterum
1335 1891 1408 1952 in
1428 1891 1835 1972 Hispaniam
1849 1891 2198 1954 miserunt.
2289 1891 2469 1952 Nihil

379 2008 673 2070 usquam
694 1990 891 2052 nobis
911 1991 1221 2053 relictum
1242 1998 1366 2070 est,
1389 1992 1519 2054 nisi
1539 1993 1719 2071 quod
1736 1992 1943 2054 armis
1962 1991 2467 2054 vindicarimuS.

379 2091 519 2151 Illis
552 2091 807 2153 timidis
841 2097 906 2152 et
938 2092 1204 2171 ignavis
1237 2110 1380 2156 esse
1411 2093 1590 2172 licet,
1629 2093 1743 2173 qui
1776 2099 2156 2172 respectum
2188 2093 2465 2170 habent,
2502 2115 2539 2167 8

385 2208 551 2270 quos
603 2207 727 2252 sua
778 2194 955 2253 terra
1005 2209 1169 2254 suus
1218 2209 1378 2271 ager
1432 2211 1549 2272 per
1600 2198 1747 2256 tuta
1798 2211 1877 2255 ac
1934 2198 2173 2272 pacata
2225 2191 2466 2254 itinera

378 2290 711 2369 fugientes
744 2291 1104 2370 accipient:
1156 2292 1348 2354 vobis
1380 2305 1650 2355 necesse
1682 2298 1781 2355 est
1812 2292 2102 2354 fortibus
2135 2293 2293 2355 viris
2323 2311 2466 2355 esse

380 2398 446 2453 et
490 2390 806 2454 omnibus
848 2391 1022 2455 inter
1069 2393 1423 2455 victoriam
1465 2399 1888 2474 mortemque
1932 2399 2113 2456 certa
2160 2393 2464 2473 despera-

383 2491 561 2553 tione
613 2491 921 2571 abruptis
973 2498 1094 2555 aut
1149 2493 1414 2566 vincere
1467 2500 1610 2574 aut,
1666 2495 1723 2557 si
1771 2494 2049 2556 fortuna
2107 2493 2464 2572 dubitabit,

380 2591 450 2651 in
495 2591 744 2671 proelio
791 2592 1013 2671 potius
1065 2611 1276 2673 quam
1316 2594 1389 2654 in
1428 2594 1593 2673 fuga
1637 2599 1923 2657 mortem
1968 2600 2303 2674 oppetere.
2401 2594 2467 2657 Si
2500 2620 2537 2671 9

388 2691 514 2754 hoc
576 2691 746 2754 bene
803 2693 1015 2755 fixum
1073 2693 1392 2755 omnibus
1454 2694 1997 2774 destinatumque
2056 2695 2283 2756 animo
2342 2699 2463 2771 est,

381 2790 626 2853 iterum
658 2791 901 2870 dicam,
933 2792 1211 2855 vicistis:
1259 2794 1525 2856 nullum
1564 2800 1955 2872 contemptu
1979 2795 2214 2856 mortis
2256 2795 2465 2856 telum

383 2891 470 2953 ad
500 2891 910 2954 vincendum
935 2892 1194 2954 homini
1217 2892 1307 2955 ab
1337 2891 1437 2954 dis
1461 2892 1957 2955 immortalibus
1980 2893 2203 2956 acrius
2232 2893 2467 2956 datum

381 2993 526 3054 est.’

436 3284 480 3328 δ.
534 3282 885 3328 excedamus:
931 3285 1020 3324 the
1054 3282 1379 3332 subjunctive
1471 3293 1619 3323 unum
1670 3285 1771 3326 and.
1818 3283 2022 3325 alterum
2056 3295 2141 3327 are
2176 3285 2232 3327 ln
2275 3287 2469 3337 apposi-

385 3350 431 3391 ts
462 3350 686 3392 volitive.
759 3350 849 3392 We
883 3351 1064 3391 should
1099 3355 1278 3401 expect
1303 3359 1375 3399 ne,
1471 3352 1595 3392 tion.

385 3422 476 3458 not
493 3426 604 3457 non.
1523 3419 1570 3461 8.
1623 3417 1866 3462 timidis:
1896 3419 2149 3460 attracted
2178 3422 2233 3460 to
2250 3421 2337 3460 the
2354 3428 2469 3460 case

432 3484 480 3529 6.
532 3491 604 3528 ne
620 3482 945 3528 transieris:
985 3486 1073 3524 the
1099 3483 1378 3534 beginning
1471 3485 1527 3524 ot
1561 3482 1675 3524 illie.
1730 3485 1984 3529 omnibus
2012 3485 2293 3536 abruptis:
2335 3487 2470 3536 “giv-

384 3550 438 3590 ot
470 3559 536 3591 an
571 3550 859 3600 imaginary
885 3549 1132 3590 altercatio
1158 3551 1380 3591 between
1472 3551 1563 3602 ing
1590 3560 1661 3601 up
1690 3552 1761 3592 all
1792 3554 1939 3592 other
1965 3553 2097 3603 hope
2125 3553 2255 3594 than
2272 3553 2469 3602 victory

385 3617 541 3657 Rome
607 3617 709 3658 and
774 3617 1039 3668 Carthage.
1111 3616 1377 3668 vestigio:
1473 3627 1533 3658 οι·
1557 3617 1761 3658 death.”
1812 3619 1952 3669 They
1980 3619 2083 3659 had
2111 3620 2304 3660 burned
2338 3619 2471 3659 their

387 3685 550 3724 “from
567 3683 655 3723 the
672 3685 840 3733 spot.·’
1473 3684 1676 3734 bridges
1718 3684 1903 3725 behind
1937 3685 2090 3725 them.
2148 3685 2200 3729 sl
2241 3680 2471 3729 fortuna

434 3751 481 3796 7.
532 3749 898 3794 transcendes
935 3751 1175 3794 autem&
1217 3751 1315 3790 “do
1355 3750 1380 3789 Ι
1473 3749 1778 3794 dubitabit:
1803 3751 2171 3801 aeuphemism
2188 3753 2269 3791 ror
2284 3753 2465 3792 defeat.

382 3826 472 3868 say
489 3827 592 3868 you
611 3816 714 3856 will
725 3826 864 3858 cross
872 3818 919 3854 θ’·
950 3817 1086 3862 duos
1099 3817 1376 3861 eonsules:
1477 3816 1549 3860 ad
1568 3815 1919 3860 vincendum:
1947 3817 2136 3856 defines
2154 3816 2307 3859 telum.
