2967 4384
521 217 629 272 132
1439 215 1505 266 τ.
1531 214 1696 268 mvl
2393 215 2552 284 [xlvi.
2582 217 2617 268 5

521 387 904 448 hominibus
958 387 1029 448 in
1083 387 1370 448 tentoria
1426 385 1721 464 abducti,
1780 403 1936 448 cum
1990 403 2258 450 summa
2313 386 2619 450 omnium

519 488 771 549 laetitia
813 486 1228 565 hospitaliter
1271 486 1709 565 excipiuntur.
1799 487 2068 548 Postero
2118 487 2219 548 die
2265 487 2618 549 consilium

448 599 484 649 '¹1
519 588 846 651 habitum.
937 588 1302 648 Multorum
1341 605 1418 648 eo
1446 586 1858 648 inclinabant
1898 587 2285 665 sententiae,
2322 593 2420 664 ut,
2455 589 2618 649 dum

518 688 770 748 fessum
802 687 915 748 via
947 705 1024 748 ac
1059 686 1299 766 vigiliis
1332 687 1625 748 reficeret
1658 686 1939 748 militem
1969 688 2160 764 Nero,
2196 687 2394 748 simul
2427 693 2490 749 et
2525 690 2617 749 ad

516 787 931 849 noscendum
983 787 1244 848 hostem
1302 802 1549 865 paucos
1603 785 1729 847 sibi
1784 792 2074 848 sumeret
2133 786 2291 865 dieS‚
2346 793 2615 866 tempus

447 902 486 953 8
523 903 782 967 pugnae
821 887 1219 963 differretur3
1250 887 1420 948 Nero
1453 904 1590 946 non
1624 886 1901 948 suadere
1936 887 2161 965 modo,
2196 888 2317 949 sed
2347 903 2615 949 summa

519 1005 644 1065 ope
711 1005 896 1048 orare
962 986 1220 1064 institit,
1287 1004 1371 1048 ne
1437 985 1788 1048 consilium
1852 1002 2072 1064 suum,
2145 989 2327 1064 quod
2387 993 2614 1050 tutum

518 1085 816 1148 celeritas
855 1085 1136 1162 fecisset,
1178 1085 1608 1147 temerarium
1647 1086 1973 1146 morando
2006 1086 2326 1148 facerent:
2369 1105 2609 1164 errore,

448 1199 485 1250 9
523 1186 635 1264 qui
675 1204 810 1247 non
857 1186 1207 1246 diuturnus
1247 1185 1513 1246 futurus
1555 1191 1745 1262 esset,
1788 1186 1971 1246 velut
2012 1192 2386 1265 torpentem
2426 1187 2614 1248 Han-

516 1286 811 1347 nibalem
844 1303 966 1347 nec
1003 1293 1220 1347 castra
1255 1303 1378 1347 sua
1412 1284 1552 1346 sine
1594 1286 1757 1346 duce
1793 1284 2020 1347 relicta
2055 1286 2329 1366 adgredi
2364 1304 2485 1348 nec
2520 1287 2611 1349 ad

517 1385 934 1462 sequendum
989 1403 1056 1446 se
1112 1383 1235 1445 iter
1287 1382 1669 1447 intendisse.
1758 1383 2139 1460 Antequam
2191 1403 2261 1446 se
2315 1391 2608 1464 moveat,

521 1485 719 1546 deleri
746 1483 1105 1546 exercitum
1131 1483 1573 1545 Hasdrubalis
1602 1501 1790 1562 posse
1818 1483 2148 1563 redirique
2174 1483 2245 1545 in
2270 1484 2605 1564 Apuliam.

393 1584 466 1637 10
517 1583 643 1663 Qui
699 1585 1091 1662 prolatando
1144 1583 1438 1661 spatium
1488 1583 1664 1645 hosti
1720 1584 1849 1661 det,
1903 1601 2058 1651 eum
2110 1589 2174 1646 et
2226 1584 2340 1646 illa
2392 1591 2610 1647 castra

521 1685 792 1762 prodere
848 1684 1212 1745 Hannibali
1267 1690 1330 1746 et
1387 1683 1639 1762 aperire
1695 1684 1766 1744 in
1821 1683 2105 1747 Galliam
2158 1684 2303 1763 iter,
2358 1691 2433 1746 ut
2492 1703 2608 1764 per

517 1783 750 1862 otium,
812 1783 930 1844 ubi
992 1783 1173 1862 velit,
1236 1784 1645 1846 Hasdrubali
1708 1784 2165 1864 coniungatur.
2255 1787 2605 1865 Extemplo

393 1885 462 1934 11
515 1883 780 1962 signum
826 1884 1124 1946 dandum
1165 1889 1229 1946 et
1272 1884 1651 1945 exeundum
1689 1883 1760 1944 in
1803 1884 2015 1946 aciem
2056 1885 2605 1963 abutendumque

514 2002 729 2045 errore
778 1983 1071 2044 hostium
1109 1983 1494 2048 absentium
1530 1983 2127 2062 praesentiumque,
2182 1985 2343 2046 dum
2389 2001 2606 2061 neque

511 2083 605 2143 illi
637 2083 846 2145 sciant
886 2100 1042 2143 cum
1081 2082 1502 2161 paucioribus
1546 2100 1665 2143 nec
1706 2083 1776 2144 hi
1812 2101 1966 2143 cum
2007 2083 2305 2161 pluribus
2342 2090 2405 2145 et
2441 2084 2607 2145 vali-

388 2193 460 2244 12
493 2183 810 2244 -dioribus
885 2200 1028 2244 rem
1103 2201 1262 2244 esse.
1355 2181 1641 2244 Consilio
1708 2182 1974 2244 dimisso
2024 2182 2290 2262 signum
2345 2201 2605 2262 pugnae

517 2283 927 2361 proponitur,
967 2282 1447 2360 confestimque
1484 2282 1555 2341 in
1591 2282 1802 2343 aciem
1841 2283 2225 2360 procedunt.

684 2382 938 2444 XLVII.
987 2383 1133 2443 Iam
1188 2383 1410 2443 hostes
1467 2389 1620 2443 ante
1678 2389 1895 2443 castra
1949 2381 2253 2444 instructi
2311 2383 2602 2447 stabant.

512 2482 773 2543 Moram
813 2498 1072 2562 pugnae
1110 2481 1354 2559 attulit,
1399 2481 1578 2559 quod
1614 2479 2019 2559 Hasdrubal,
2062 2487 2411 2560 provectus
2448 2489 2605 2545 ante

512 2581 700 2660 signa
750 2598 904 2643 cum
955 2581 1182 2660 paucis
1230 2580 1587 2659 equitibuS,
1638 2586 1826 2643 scuta
1873 2586 2099 2643 vetera
2144 2581 2439 2644 hostium
2485 2601 2605 2644 no-

512 2682 704 2760 tavit,
775 2698 942 2759 quae
1008 2687 1160 2743 ante
1224 2699 1360 2742 non
1425 2681 1706 2759 viderat,
1771 2686 1835 2743 et
1898 2680 2305 2760 strigosiores
2368 2700 2605 2760 equos;

443 2800 479 2850 2
512 2782 871 2843 multitudo
941 2798 1204 2860 quoque
1269 2781 1482 2843 maior
1546 2780 1738 2843 solita
1802 2779 1947 2843 visa
2010 2786 2126 2842 est.
2218 2780 2603 2859 Suspicatus

513 2882 691 2942 enim
726 2881 816 2960 id,
860 2882 1038 2960 quod
1073 2887 1235 2960 erat,
1272 2881 1567 2960 receptui
1607 2898 1879 2960 propere
1916 2879 2149 2943 cecinit
2186 2899 2263 2942 ac
2300 2881 2478 2944 misit
2514 2884 2603 2945 ad

511 2983 784 3059 flumen,
833 2982 1012 3044 unde
1063 2982 1510 3060 aquabantur,
1548 2980 1666 3042 ubi
1716 2986 1781 3043 et
1817 2980 2028 3059 excipi
2077 2980 2285 3059 aliqui
2339 2987 2604 3060 possent

443 3098 498 3149 3.
513 3088 577 3144 et
631 3081 849 3143 notari
905 3081 1133 3159 oculis,
1190 3082 1245 3143 si
1305 3081 1416 3160 qui
1470 3081 1641 3143 forte
1698 3079 2050 3142 adustioris
2105 3079 2340 3142 coloris
2394 3086 2470 3142 ut
2525 3100 2605 3143 ex

513 3181 759 3244 recenti
796 3181 906 3243 via
941 3187 1188 3260 essent;
1223 3181 1420 3244 simul
1458 3180 1863 3243 circumvehi
1904 3181 2129 3260 procul
2166 3186 2384 3242 castra
2418 3180 2603 3244 iubet

513 3281 993 3360 specularique,
1027 3299 1192 3342 num
1223 3288 1495 3344 auctum
1529 3281 1754 3359 aliqua
1790 3287 1974 3359 parte
2006 3280 2089 3342 sit
2122 3282 2398 3358 vallum,
2432 3287 2497 3343 et
2526 3288 2604 3344 ut

445 3396 484 3447 4
516 3382 884 3459 attendant,
916 3384 1118 3443 semel
1151 3381 1332 3443 bisne
1363 3381 1628 3460 signum
1657 3387 1852 3442 canat
1881 3380 1951 3441 in
1981 3379 2229 3443 castris,
2319 3381 2420 3442 Ea
2449 3397 2605 3442 cum

516 3482 744 3544 ordine
793 3481 1016 3543 omnia
1062 3483 1268 3544 relata
1315 3489 1552 3558 essent,
1602 3487 1816 3543 castra
1861 3480 2025 3541 nihil
2072 3486 2271 3542 aucta
2315 3499 2605 3543 errorem

566 3634 612 3678 8.
670 3632 925 3677 suadere:
946 3631 1183 3677 institit:
1205 3642 1284 3673 see
1312 3631 1371 3672 15.
1397 3633 1456 3673 14.
1609 3633 1843 3674 “abusa''
1894 3631 2008 3676 1111:
2030 3632 2117 3672 the
2133 3640 2275 3673 more
2292 3632 2599 3680 remote.1.e.

568 3702 646 3744 11.
702 3699 1062 3745 abutendum:
1110 3701 1262 3750 “they
1330 3701 1511 3740 should
1606 3700 1906 3740 Hannibal's
1926 3709 2083 3750 army.

517 3768 638 3809 take
687 3767 782 3807 tull
833 3769 1119 3816 advantage
1168 3768 1270 3808 ot.”
1347 3768 1511 3808 Avoid
1658 3767 1858 3808 XLVII.
1915 3768 1958 3810 1.
1994 3763 2601 3814 solitatso.mulcitudine.

518 3833 828 3891 translating
871 3831 1001 3880 abuti
1043 3834 1109 3886 by
1160 3834 1247 3875 the
1296 3833 1512 3888 English
1658 3834 1704 3879 3.
1762 3832 1950 3880 canat:
1973 3843 2036 3875 sc.
2060 3831 2255 3880 tubicen,
