2967 4384
505 201 582 260 04
1421 199 1484 256 Τ.
1526 199 1692 257 1.1v1
2390 202 2529 270 [xiii.
2556 202 2593 260 8

501 395 656 440 cum
703 379 985 457 Magone
1035 378 1106 438 in
1153 374 1554 454 Hispaniam
1606 375 2006 453 praemissus
2055 383 2154 438 est
2203 377 2293 438 ad
2342 376 2593 438 condu-

501 479 712 540 cenda
752 478 987 557 viginti
1025 476 1210 538 milia
1255 475 1576 554 peditum,
1623 480 1937 554 quattuor
1977 476 2302 555 equitum,
2349 477 2589 555 quibus

501 578 841 656 exercitus,
892 577 1004 656 qui
1047 576 1117 636 in
1161 575 1356 638 Italia
1405 575 1649 654 quique
1694 575 1764 635 in
1807 575 2136 655 Hispania
2179 582 2389 654 erant,
2434 593 2592 656 sup-

505 679 856 757 plerentur.
1992 719 1996 722 -

433 787 467 840 1
670 777 971 838 XXXIII.
1020 777 1098 836 In
1163 776 1335 836 hanc
1407 774 1903 837 dimicationem
1972 776 2255 838 duorum
2320 778 2593 855 opulen-

499 877 906 938 tissimorum
951 875 1020 935 in
1059 875 1248 936 terris
1299 876 1700 953 populorum
1742 893 1970 936 omnes
2005 894 2188 955 reges
2233 882 2590 954 gentesque

430 989 466 1040 2
499 976 757 1038 animos
804 974 1248 1053 intenderant,
1296 974 1467 1036 inter
1520 991 1685 1053 quos
1731 970 2104 1056 PhilippuS,
2148 976 2592 1037 Macedonum

498 1095 634 1154 rex,
691 1093 768 1138 eo
824 1074 1058 1155 magiS,
1121 1075 1299 1154 quod
1359 1074 1626 1155 propior
1681 1074 1911 1136 Italiae
1969 1093 2047 1136 ac
2104 1075 2273 1136 mari
2327 1081 2592 1137 tantum

429 1176 466 1229 3
499 1174 687 1237 Ionio
763 1174 1076 1237 discretus
1147 1181 1308 1238 erat.
1399 1176 1464 1237 Is
1534 1174 1652 1235 ubi
1725 1174 2016 1255 primum
2084 1175 2269 1237 fama
2338 1175 2591 1254 accepit

498 1274 949 1337 Hannibalem
993 1274 1178 1355 Alpis
1225 1282 1733 1355 transgressum,
1783 1280 1857 1335 ut
1910 1274 2080 1337 bello
2129 1273 2301 1337 inter
2346 1275 2593 1336 Roma-

499 1392 665 1436 num
712 1375 1141 1454 Poenumque
1193 1381 1336 1437 orto
1386 1376 1673 1436 laetatus
1724 1379 1886 1452 erat,
1930 1373 2047 1453 ita,
2097 1374 2311 1436 utrius
2364 1373 2591 1454 populi

500 1476 724 1538 mallet
767 1473 1116 1536 victoriam
1158 1492 1320 1551 esse,
1363 1473 1630 1534 incertis
1672 1473 1892 1534 adhuc
1937 1473 2191 1535 viribus
2233 1475 2591 1536 fluctuatus

430 1579 470 1631 4
499 1575 724 1636 animo
754 1575 992 1638 fuerat.
1082 1575 1448 1652 Postquam
1477 1573 1673 1634 tertia
1704 1573 1853 1634 iam‘
1874 1591 2098 1652 pugna
2130 1573 2408 1636 victoria
2439 1590 2593 1634 cum

499 1673 734 1735 Poenis
770 1680 932 1751 erat,
973 1673 1061 1734 ad
1097 1673 1439 1734 fortunam
1476 1672 1822 1734 inclinavit
1859 1673 2242 1751 legatosque
2283 1673 2372 1734 ad
2407 1673 2593 1734 Han-

499 1773 792 1834 nibalem
829 1773 1042 1849 misit;
1092 1772 1204 1851 qui
1244 1772 1533 1833 vitantes
1567 1777 1794 1850 portus
1833 1772 2313 1833 Brundisinum
2350 1775 2593 1834 Taren-

497 1873 871 1950 tinumque,
915 1855 1070 1950 quia
1108 1871 1425 1933 custodiis
1461 1871 1743 1933 navium
1780 1872 2240 1934 Romanarum
2274 1872 2593 1934 teneban-

496 1979 629 2051 tur,
659 1974 746 2036 ad
775 1971 1080 2034 Laciniae
1112 1970 1386 2032 Iunonis
1413 1972 1742 2049 templum
1771 1969 1841 2030 in
1868 1977 2116 2032 terram
2145 1973 2385 2051 egressi
2414 1979 2590 2035 sunt.

431 2079 468 2132 δ
504 2074 667 2134 Inde
708 2089 822 2152 per
856 2071 1170 2150 Apuliam
1210 2076 1506 2150 petentes
1545 2070 1848 2149 Capuam
1883 2069 2107 2132 media
2143 2071 2213 2132 in
2254 2071 2589 2150 praesidia

501 2175 807 2234 Romana
846 2171 1036 2232 inlati
1076 2177 1232 2232 sunt
1278 2169 1677 2248 deductique
1717 2170 1808 2231 ad
1846 2170 2185 2231 Valerium
2225 2171 2595 2234 Laevinum

433 2283 470 2335 6
506 2278 873 2351 praetorem
912 2270 1086 2333 circa
1123 2271 1470 2331 Luceriam
1510 2275 1727 2331 castra
1763 2270 2144 2333 habentem.
2255 2271 2360 2333 Ibi
2397 2271 2598 2333 intre-

504 2373 653 2453 pide
693 2372 1138 2450 Xenophanes
1175 2369 1524 2448 legationis
1566 2369 1870 2448 princeps
1909 2388 1951 2431 a
1988 2371 2295 2450 Philippo
2336 2389 2486 2451 rege
2525 2389 2593 2433 se

501 2473 779 2534 missum
810 2470 903 2533 ait
935 2471 1022 2533 ad
1055 2469 1420 2533 amicitiam
1451 2470 1968 2548 societatemque
1999 2470 2407 2548 iungendam
2440 2488 2594 2532 cum

506 2573 748 2651 populo
789 2571 1130 2647 Romano;
1173 2568 1497 2631 mandata
1535 2568 1781 2630 habere
1821 2568 1910 2631 ad
1950 2570 2253 2632 consules
2292 2588 2371 2631 ac
2407 2588 2596 2632 sena-

433 2674 468 2727 7
501 2677 648 2732 tum
688 2670 1141 2749 populumque
1181 2668 1585 2730 Romanum.
1677 2667 1948 2732 Praetor
1985 2667 2156 2731 inter
2199 2669 2596 2732 defectiones

504 2777 806 2833 veterum
846 2768 1177 2848 sociorum
1215 2785 1396 2831 nova
1436 2767 1751 2830 societate
1790 2775 1935 2831 tam
1974 2767 2135 2831 clari
2174 2768 2345 2850 regis
2385 2771 2597 2832 laetus

433 2878 471 2928 8
504 2870 869 2932 admodum
919 2869 1142 2931 hostes
1196 2886 1314 2947 pro
1365 2867 1741 2947 hospitibus
1794 2868 2070 2931 comiter
2119 2868 2406 2947 accepit3
2463 2869 2595 2947 dat,

509 2969 620 3047 qui
660 2974 1175 3047 prosequantur3
1220 2967 1456 3030 itinera
1493 2986 1648 3028 cum
1684 2985 1842 3031 cura
1883 2968 2290 3030 demonstrat
2326 2974 2389 3030 et
2430 2985 2596 3046 quae

503 3070 649 3130 loca
703 3086 997 3146 quosque
1047 3069 1256 3130 saltus
1306 3072 1423 3129 aut
1472 3068 1818 3129 Romanus
1869 3073 1985 3129 aut
2033 3067 2258 3130 hostes
2303 3073 2594 3130 teneant.

434 3171 471 3222 9
503 3169 946 3246 Xenophanes
983 3185 1098 3245 per
1134 3166 1464 3245 praesidia
1497 3167 1807 3228 Romana
1830 3166 1901 3227 in
1929 3167 2391 3246 Campaniam,
2419 3167 2595 3244 inde,

509 3285 639 3346 qua
686 3268 1062 3346 proximum
1103 3266 1253 3344 fuit,
1298 3265 1368 3327 in
1413 3272 1632 3328 castra
1674 3266 2072 3328 Hannibalis
2121 3266 2418 3345 pervenit
2460 3266 2599 3328 foe-

507 3430 1002 3475 XXXIII-XXXIV.
1087 3431 1134 3474 9.
1188 3429 1512 3473 Hannibal's
1606 3430 1690 3470 the
1708 3433 1959 3478 concrete;
1992 3433 2079 3471 “to
2106 3431 2193 3472 the
2210 3430 2473 3472 fortunate
2487 3438 2599 3482 peo-

619 3498 860 3542 Allianoe
875 3498 1016 3541 with
1033 3497 1177 3549 King
1194 3497 1388 3548 Philip.
1603 3497 1732 3546 ple.”
1782 3497 1892 3536 “He
1922 3497 2106 3537 turned
2134 3497 2261 3538 with
2289 3498 2376 3537 the
2405 3497 2509 3538 tide
2542 3499 2597 3538 ot

555 3565 604 3609 2.
660 3564 1139 3616 tantumz··on1y.”
1602 3565 1856 3604 tortum-'⁹
1907 3563 2321 3608 Brundisinum:
2374 3573 2440 3605 se.
2483 3572 2599 3614 por-

555 3632 602 3676 8.
656 3632 723 3675 ut
758 3662 772 3676 .
812 3661 825 3676 .
865 3662 877 3675 .
918 3630 1023 3675 lta:
1071 3631 1351 3681 “although
1388 3659 1398 3670 .
1438 3658 1448 3670 .
1490 3659 1501 3669 .
1600 3630 1710 3669 cum.
1792 3629 2122 3670 Brundisium
2164 3639 2270 3671 was
2320 3630 2408 3672 the
2449 3632 2599 3672 usual

503 3699 638 3750 yet..”
689 3697 927 3742 viribus:
971 3697 1049 3738 Le.
1081 3698 1137 3737 ot
1165 3698 1250 3737 the
1279 3698 1504 3738 Romans
1599 3698 1740 3747 place
1772 3697 1826 3737 of
1859 3696 2070 3746 landing
2103 3696 2185 3736 tor
2219 3697 2366 3738 those
2398 3696 2603 3748 coming

505 3765 605 3806 and
625 3763 1031 3813 carthammans.
1599 3767 1653 3804 to
1704 3763 1862 3804 Rome
1926 3764 2061 3804 from
2126 3762 2313 3806 Greeee
2362 3763 2464 3806 and
2515 3764 2603 3810 the

555 3831 604 3876 4.
659 3828 732 3876 ad
784 3829 1087 3876 fortunam:
1153 3832 1380 3872 abstracta
1423 3831 1504 3872 tor
1599 3830 1740 3874 Bast-
