2967 4384
515 225 625 283 114
1436 222 1501 281 r.
1542 221 1708 282 Lm
2378 301 2385 310 .
2444 223 2544 296 [xi.
2565 222 2609 280 c

449 417 485 468 e
520 418 727 480 parva
773 406 1024 480 autem,
1076 398 1256 480 quod
1306 416 1422 479 per
1466 415 1580 461 eos
1631 398 1769 460 dies
1814 415 1970 461 eum
2014 397 2187 484 forte
2233 415 2491 476 agrum,
2534 396 2605 458 in

521 518 653 580 quo
697 500 838 580 ipse
885 507 1102 563 castra
1149 499 1446 580 haberet,
1497 498 1753 562 venisse
1798 498 1965 560 nihil
2012 498 2099 561 ob
2145 498 2216 562 id
2266 498 2609 561 deminuto

449 623 484 674 '1
521 600 727 679 pretio
768 600 1108 679 cognitum
1148 617 1227 662 ex
1270 599 1564 680 quodam
1604 598 1871 680 captivo
1910 606 2031 663 est.
2120 599 2201 662 Id
2241 614 2399 661 vero
2436 598 2609 662 adeo

515 699 880 778 superbum
923 707 1128 780 atque
1172 699 1526 777 indignum
1573 698 1823 778 visum,
1860 698 2002 761 eius
2047 697 2191 777 soli,
2243 697 2422 779 quod
2465 698 2608 778 ipse

520 799 688 862 bello
738 807 1012 880 captum
1064 800 1425 880 possideret
1474 800 1904 880 haberetque,
1953 799 2306 863 inventum
2353 800 2609 862 Romae

513 907 906 978 emptorem,
937 906 1013 962 ut
1042 900 1373 978 extemplo
1409 905 1647 962 vocato
1681 917 2003 978 praecone
2032 898 2347 985 tabernas
2375 916 2608 977 argen-

514 999 739 1079 tarias,
813 1017 982 1080 quae
1052 1000 1226 1061 circa
1291 999 1517 1060 forum
1586 1000 1970 1062 Romanum
2037 1007 2281 1080 essent,
2348 991 2609 1062 iusserit

447 1117 485 1169 8
519 1100 761 1162 venire.
851 1099 974 1162 His
1019 1106 1242 1162 motus
1286 1098 1377 1162 ad
1422 1099 1690 1162 Tutiam
1734 1099 2020 1161 fluvium
2067 1106 2284 1162 castra
2329 1099 2607 1178 rettulit,

477 1229 482 1232 ·
515 1218 628 1262 sex
670 1199 855 1261 milia
903 1216 1222 1279 passuum
1263 1199 1354 1262 ab
1397 1199 1586 1262 urbe.
1672 1199 1839 1262 Inde
1882 1200 1975 1262 ad
2016 1200 2246 1262 lucum
2288 1199 2605 1262 Feroniae

518 1299 727 1379 pergit
787 1299 903 1378 ire,
965 1301 1293 1379 templum
1352 1317 1432 1362 ea
1492 1307 1886 1380 tempestate
1946 1300 2275 1364 inclutum
2340 1299 2605 1363 divitiisa

450 1412 483 1462 1
687 1399 836 1462 XII.
885 1400 1190 1462 Ceterum
1246 1417 1384 1460 non
1445 1407 1772 1478 quantum
1827 1398 2149 1461 Romanis
2211 1398 2609 1478 pertinaciae

513 1501 603 1563 ad
650 1500 1083 1579 premendam
1127 1500 1470 1563 obsidione
1514 1501 1819 1579 Capuam
1857 1500 2009 1579 fuit,
2053 1507 2320 1564 tantum
2361 1500 2453 1563 ad
2499 1500 2607 1564 de·

448 1617 484 1668 2
513 1598 924 1661 tendendam
972 1598 1358 1661 Hannibali.
1445 1598 1749 1678 Namque
1802 1615 1917 1677 per
1970 1598 2318 1662 Samnium
2365 1606 2430 1662 et
2479 1598 2607 1660 Lu-

516 1714 717 1762 canos
745 1698 816 1759 in
856 1699 1194 1761 Bruttium
1221 1715 1459 1776 agrum
1488 1699 1577 1759 ad
1604 1698 1852 1760 fretum
1880 1716 1959 1760 ac
1990 1699 2275 1777 Regium
2303 1716 2382 1760 eo
2412 1715 2609 1761 cursu

517 1798 880 1877 contendit,
943 1805 1019 1861 ut
1087 1816 1204 1877 pro
1212 1815 1290 1877 pe
1352 1797 1700 1876 repentino
1761 1798 2061 1860 adventu
2124 1797 2427 1861 incautos
2492 1815 2609 1878 op-

448 1914 486 1966 3
520 1898 846 1978 presserit.
936 1898 1168 1977 Capua
1225 1897 1348 1960 etsi
1405 1898 1613 1959 nihilo
1672 1897 1936 1975 segnius
1996 1898 2264 1960 obsessa
2326 1916 2440 1977 per
2496 1915 2609 1961 eos

522 1998 658 2061 dies
690 1997 933 2076 fuerat,
970 2005 1199 2060 tamen
1232 1998 1607 2060 adventum
1640 1997 1857 2059 Flacci
1891 1998 2117 2076 sensit,
2153 2005 2219 2061 et
2252 1997 2608 2061 admiratio

448 2099 486 2150 4
519 2105 664 2160 orta
715 2104 814 2159 est
863 2115 1002 2158 non
1051 2095 1249 2158 simul
1298 2113 1669 2175 regressum
1718 2096 2188 2160 Hannibalem.
2277 2097 2441 2159 Inde
2495 2114 2609 2177 per

518 2197 711 2258 conlo
719 2195 873 2277 quia
915 2196 1378 2260 intellexerunt
1420 2195 1681 2259 relictos
1722 2213 1793 2259 se
1841 2195 2263 2277 desertosque
2306 2205 2373 2260 et
2414 2213 2603 2276 spem

447 2301 482 2354 5
515 2297 784 2374 Capuae
826 2295 1208 2358 retinendae
1256 2295 1669 2374 deploratam
1709 2294 1892 2374 apud
1936 2298 2191 2358 Poenos
2234 2313 2395 2358 esse.
2482 2295 2607 2358 Ac·

517 2396 708 2458 cessit
756 2395 1051 2458 edictum
1104 2395 1514 2474 proconsulis
1564 2413 1642 2456 ex
1692 2401 1963 2456 senatus
2015 2396 2315 2458 consulto
2370 2413 2607 2476 propo-

515 2496 719 2558 situm
756 2495 1236 2575 vulgatumque
1268 2495 1453 2573 apud
1488 2495 1719 2573 hostiS,
1757 2502 1841 2558 -ut
1880 2495 1992 2575 qui
2027 2495 2191 2558 civis
2223 2496 2607 2575 Campanus

447 2613 485 2666 6
513 2603 672 2658 ante
731 2602 982 2657 certam
1045 2594 1220 2656 diem
1276 2594 1642 2672 transisset,
1702 2594 1845 2656 sine
1900 2594 2138 2657 fraude
2196 2603 2386 2658 esset.
2474 2595 2607 2657 Nec

515 2696 652 2757 ulla
693 2695 874 2758 facta
919 2701 1016 2758 est
1060 2695 1363 2757 transitio
1399 2703 1587 2758 metu
1614 2694 1827 2773 magis
1869 2712 1982 2757 eos
2030 2712 2232 2775 quam
2275 2695 2406 2757 fide
2450 2712 2605 2758 con-

515 2795 787 2873 tinente,
847 2794 1002 2875 quia
1054 2793 1309 2856 maiora
1360 2793 1431 2855 in
1490 2793 1855 2857 defectione
1912 2793 2346 2874 deliquerant,
2404 2811 2606 2874 quam

448 2911 483 2962 '7
519 2895 759 2975 quibus
782 2894 1033 2972 ignosci
1061 2901 1300 2973 posset.
1413 2891 1947 2976 Ceteruquuem
1969 2895 2058 2957 ad
2092 2893 2372 2956 modum
2408 2912 2608 2956 nemo

520 2995 779 3074 privato
841 2994 1112 3056 consilio
1171 2995 1260 3055 ad
1320 2994 1582 3058 hostem
1640 2995 1989 3072 transibat,
2050 2994 2145 3057 ita
2204 2994 2371 3055 nihil
2429 2995 2604 3056 salu-

566 3176 614 3220 6.
668 3181 868 3225 parva:
906 3183 972 3215 sc.
993 3183 1082 3214 res.
1138 3174 1353 3218 venire:
1383 3174 1518 3214 from
1662 3175 1711 3218 2.
1764 3173 1989 3218 fretum:
2018 3183 2084 3215 sc.
2106 3171 2326 3214 Siculum.

515 3241 823 3294 ven(um)-eo;
844 3241 1187 3283 “tobesold.”
1240 3243 1308 3285 ob
1337 3240 1514 3285 1d21.e.
1663 3241 1709 3285 8.
1764 3241 2271 3292 regressum(esse):
2315 3242 2402 3282 the
2443 3241 2607 3283 infini-

383 3305 396 3314 “
516 3310 728 3350 because
745 3309 799 3349 or
816 3308 886 3350 its
903 3309 1209 3360 occupation
1235 3309 1302 3359 by
1327 3307 1520 3349 Hanni·
1612 3307 1715 3348 tive
1750 3307 1949 3349 instead
1986 3308 2041 3348 ot
2076 3309 2165 3348 the
2198 3316 2340 3348 more
2372 3316 2607 3349 common

517 3377 612 3417 bal.
1611 3373 1738 3423 quod
1770 3374 1941 3415 clause
1975 3376 2030 3414 to
2063 3382 2269 3425 express
2296 3375 2383 3415 the
2410 3375 2607 3425 ground
2624 3383 2634 3390 ’

568 3443 615 3487 ’1.
669 3448 964 3492 praecone:
997 3441 1366 3483 “auctioneer.’'
1611 3441 1665 3482 ot
1683 3441 1770 3481 the
1789 3439 2066 3480 admiratio.

569 3510 614 3553 8.
671 3508 859 3553 lucum
895 3507 1181 3553 Feroniae:
1209 3517 1273 3548 on
1310 3508 1397 3550 Mt.
1433 3507 1520 3548 So·
1664 3508 1711 3551 5.
1764 3504 2138 3557 proconsulis:
2216 3506 2292 3547 1.e.
2374 3506 2600 3549 Fulvius.

515 3579 670 3618 tacte.
708 3575 811 3615 'Phe
831 3576 1017 3626 temple
1034 3585 1141 3617 was
1159 3575 1433 3626 plundered
1452 3575 1519 3625 by
1612 3573 1734 3616 sine
1768 3571 1987 3616 fraude:
2034 3573 2396 3615 “unharmed.”
2446 3571 2609 3614 Fraus

518 3641 788 3683 Hannibal.
1612 3641 1705 3680 has
1739 3640 1863 3680 both
1899 3649 1967 3681 an
1998 3639 2164 3680 active
2198 3639 2297 3681 and
2342 3649 2375 3680 a
2410 3639 2609 3690 passive

517 3707 777 3752 XII-XIV.
839 3707 1118 3760 Recovery
1135 3707 1198 3750 of
1225 3707 1520 3751 Tarentum
1610 3706 1861 3756 meaning.

783 3775 859 3824 by
875 3775 974 3818 the
1001 3775 1251 3818 Romans.
1662 3773 1711 3817 6.
1765 3771 1987 3824 qulbus:
2057 3773 2146 3814 the
2211 3773 2507 3814 antecedent
2564 3773 2609 3814 is

569 3841 683 3882 XII.
739 3842 785 3884 1.
839 3841 1084 3885 tantum:
1115 3851 1179 3881 so.
1204 3839 1513 3890 pertinaciae.
1610 3838 1797 3879 maiora
1817 3837 2045 3890 (delicta).
