2967 4384
391 253 474 310 ix.
508 253 568 322 τ]
1219 247 1450 306 mna
1481 249 1679 306 xxvr
2184 313 2201 330 ,
2387 253 2491 308 ιιι

399 426 638 488 Latina
695 425 802 488 via
854 425 1106 486 iturum
1157 423 1318 486 satis
1371 422 1820 502 comperisset,
1874 423 2015 503 ipse
2072 442 2187 503 per
2235 426 2490 504 Appiae

393 525 760 605 municipia
826 542 1127 606 quaeque
1194 529 1460 604 propter
1520 541 1671 587 earn
1736 523 1917 586 viam
1975 531 2154 603 sunt,
2222 507 2488 605 Setiam,

399 627 660 704 Coram,
699 623 1054 687 Lavinium
1093 623 1451 702 praemisit,
1476 629 1553 685 ut
1581 630 1993 686 commeatus
2033 631 2297 702 paratos
2334 633 2398 689 et
2418 627 2489 687 in
2524 635 2592 684 11

393 726 675 787 urbibus
718 725 1041 787 haberent
1081 730 1146 786 et
1187 741 1268 785 ex
1310 723 1484 801 agris
1532 723 1739 785 deviis
1782 724 1853 783 in
1898 724 2080 785 viam
2125 727 2491 804 proferrent

398 824 860 906 praesidiaque
907 823 979 884 in
1025 823 1223 885 urbes
1271 823 1758 900 contraherent,
1808 829 1884 885 ut
1930 842 2052 887 sua
2100 824 2339 905 cuique
2387 844 2489 888 res

397 924 665 1006 publica
704 924 775 985 in
813 941 1021 986 manu
1061 931 1250 986 esset.

566 1025 682 1088 IX.
729 1024 1070 1087 Hannibal
1121 1042 1251 1103 quo
1295 1023 1397 1085 die
1438 1024 1843 1086 Vulturnum
1879 1031 1979 1087 est
2019 1031 2486 1106 transgressuS,
2523 1038 2554 1087 1

393 1125 579 1187 haud
616 1124 842 1205 procul
873 1143 915 1187 a
947 1123 1220 1186 flumine
1255 1130 1472 1186 castra
1508 1124 1757 1203 posuit;
1794 1131 2055 1204 postero
2095 1126 2195 1188 die
2233 1133 2489 1206 praeter
2522 1134 2558 1185 2

393 1226 584 1288 Cales
635 1225 706 1286 in
758 1242 996 1304 agrum
1051 1224 1417 1288 Sidicinum
1473 1223 1796 1303 pervenit.
1886 1224 1990 1286 Ibi
2051 1225 2224 1288 diem
2274 1244 2489 1288 unum

396 1324 782 1406 populando
845 1330 1145 1386 moratus
1212 1342 1326 1403 per
1393 1326 1799 1388 Suessanum
1861 1325 2359 1406 Allifanumque
2424 1334 2489 1390 et

392 1424 774 1487 Casinatem
809 1441 1046 1501 agrum
1087 1423 1195 1485 via
1234 1422 1470 1485 Latina
1516 1423 1714 1486 ducit.
1830 1425 1967 1488 Sub
2006 1425 2243 1488 Casino
2286 1426 2488 1488 biduo
2600 1473 2611 1488 .

390 1525 640 1587 stativa
667 1524 898 1587 habita
923 1530 989 1585 et
1018 1524 1264 1602 passim
1293 1523 1755 1602 populationes
1778 1524 2020 1587 factae.
2108 1525 2272 1588 Inde
2303 1545 2487 1606 prae-
2520 1535 2557 1587 3

393 1628 492 1685 ter
527 1624 984 1686 Interamnam
1018 1622 1492 1703 Aquinumque
1528 1623 1599 1683 in
1634 1623 2093 1701 Fregellanum
2128 1643 2363 1703 agrum
2398 1627 2487 1688 ad

393 1722 596 1784 Lirim
645 1722 930 1785 fluvium
981 1729 1277 1800 ventum,
1326 1721 1443 1783 ubi
1490 1722 1877 1784 intercisum
1927 1731 2199 1802 pontem
2246 1743 2286 1787 a
2335 1727 2485 1787 Fre-

390 1822 666 1901 gellanis
725 1821 1034 1884 morandi
1092 1820 1343 1885 itineris
1404 1840 1607 1884 causa
1665 1822 1943 1886 invenit.
2032 1825 2116 1886 Et
2175 1825 2487 1886 Fulvium
2518 1839 2557 1890 4

391 1922 758 1985 Vulturnus
816 1929 1119 1986 tenuerat
1176 1921 1394 1983 amnis
1453 1921 1743 1983 navibus
1801 1923 1888 1984 ab
1949 1923 2327 1986 Hannibale
2386 1925 2486 1985 in-

393 2022 606 2085 censis
645 2029 820 2084 rates
857 2023 946 2085 ad
987 2020 1427 2084 traiciendum
1467 2022 1826 2084 exercitum
1865 2021 1936 2082 in
1974 2041 2220 2102 magna
2257 2024 2485 2103 inopia

391 2123 708 2186 materiae
740 2140 933 2201 aegre
967 2129 1490 2200 comparantem.
1579 2122 1879 2186 Traiecto
1909 2123 2165 2186 ratibus
2196 2125 2484 2187 exercitu
2518 2134 2554 2186 5
2582 2193 2586 2198 ,

393 2223 727 2303 reliquum
765 2221 1000 2284 Fulvio
1046 2221 1429 2301 expeditum
1472 2221 1597 2284 iter
1640 2240 1778 2283 non
1841 2241 1955 2302 per
2014 2224 2213 2286 urbes
2271 2225 2480 2286 modo

389 2323 509 2386 sed
576 2322 750 2385 circa
816 2322 996 2384 viam
1057 2321 1370 2401 expositis
1436 2321 1716 2400 benigne
1781 2323 2266 2386 commeatibus
2311 2332 2481 2404 erat,

386 2422 773 2503 alacresque
815 2421 1058 2484 milites
1100 2421 1270 2484 alius
1312 2420 1543 2500 alium,
1587 2428 1663 2484 ut
1703 2423 1979 2486 adderet
2019 2441 2136 2502 gra
2145 2424 2303 2485 dum
2347 2441 2483 2486 me-

389 2541 536 2584 mor
562 2523 650 2584 ad
682 2521 1172 2584 defendendam
1196 2520 1277 2581 iri
1307 2521 1613 2599 patriam,
1639 2520 2102 2586 hortabantur.
2192 2523 2481 2585 Romam
2516 2535 2552 2588 6

388 2623 809 2702 Fregellanus
847 2622 1124 2684 nuntius
1168 2621 1344 2682 diem
1382 2629 1781 2701 noctemque
1823 2623 2055 2685 itinere
2096 2624 2482 2687 continuato

387 2723 725 2801 ingentem
783 2722 1005 2785 attulit
1065 2727 1410 2799 terrorem;
1457 2720 1968 2800 tumultuosiuS,
2036 2741 2238 2803 quam
2302 2723 2479 2803 quod

386 2821 668 2885 allatum
722 2828 884 2899 erat,
941 2838 1302 2883 concursus
1356 2819 1708 2882 hominum
1763 2821 2247 2899 adfingentium
2306 2841 2481 2884 vana

387 2921 635 2985 auditis
675 2928 888 2984 totam
927 2920 1164 2982 urbem
1207 2919 1517 2982 concitat.
1608 2921 1911 2985 Ploratus
1950 2922 2304 2984 mulierum
2343 2941 2480 2984 non
2513 2937 2548 2988 '7

388 3040 467 3084 ex
519 3021 793 3100 privatis
840 3022 1056 3083 solum
1109 3019 1416 3082 domibus
1465 3020 1967 3100 exaudiebatur,
2018 3022 2135 3084 sed
2183 3022 2481 3102 undique

388 3130 731 3185 matronae
773 3121 844 3181 in
889 3121 1230 3199 publicum
1271 3119 1523 3181 effusae
1566 3119 1740 3182 circa
1787 3121 1986 3183 deum
2032 3122 2306 3185 delubra
2352 3123 2479 3184 dis-

442 3356 522 3400 10.
575 3352 892 3405 Appiaezse.
930 3354 1045 3394 viae.
1116 3353 1249 3394 “The
1285 3362 1382 3392 mu·
1530 3353 1617 3393 IX.
1674 3354 1721 3398 1.
1777 3361 1883 3404 quo
1904 3353 2097 3398 meges.
2118 3356 2181 3394 21.
2203 3353 2241 3394 5.
2266 3354 2300 3393 1.

388 3421 569 3471 nicipia
604 3421 830 3462 situated
872 3423 1023 3471 along
1060 3422 1146 3461 the
1181 3420 1382 3471 Appian
1533 3421 1579 3463 2.
1634 3419 1822 3464 biduo:
1844 3430 1924 3461 see
1950 3421 2307 3462 Introduction
2338 3420 2474 3461 VIII.

391 3489 570 3539 Way.”
621 3495 895 3540 quaeque:
938 3487 1026 3526 :et
1055 3496 1174 3537 quae
1206 3486 1380 3535 (muni-
1479 3487 1600 3534 3(c).

387 3555 551 3606 cepta).
605 3553 832 3605 Setiam,
856 3554 1070 3598 coram:
1103 3555 1244 3594 these
1277 3557 1381 3593 two
1530 3555 1579 3597 4.
1633 3551 1694 3596 in
1712 3551 1925 3603 inopia:
1946 3554 2177 3605 explains
2194 3562 2345 3604 aeqre.

388 3625 556 3664 towns
597 3631 728 3662 were
771 3622 968 3662 Roman
1010 3621 1246 3668 colonies.
1289 3625 1381 3661 not
1534 3621 1577 3663 δ.
1636 3619 1865 3665 adderet
1882 3621 2139 3672 gradum:
2163 3621 2425 3662 “hasten'’

387 3687 655 3738 municipia.
1531 3687 1578 3731 6.
1633 3686 2015 3739 Fregellanus:
2076 3688 2239 3727 “from
2282 3688 2478 3738 Fregel·

440 3756 522 3800 11.
579 3754 639 3799 in
681 3763 872 3800 manu:
908 3755 1102 3794 “under
1134 3755 1380 3795 eontr01.’‘
1480 3754 1608 3794 lae.'’
1660 3754 1806 3805 quod
1822 3753 2065 3797 allatum
2094 3753 2372 3797 erat:“the
2404 3763 2476 3793 re-

389 3819 510 3863 'l'his
527 3821 572 3863 ie
590 3831 865 3863 acommon
884 3821 1122 3872 meaning
1140 3822 1195 3862 οι
1209 3829 1381 3861 manue
1480 3820 1648 3874 port.'’
1700 3817 1936 3866 tuditis:
1966 3819 2139 3860 dative
2168 3820 2302 3860 atter
2327 3817 2475 3874 adfln-

389 3887 444 3932 in
461 3889 591 3942 legal
617 3889 880 3944 language.
1483 3886 1702 3940 qemium.
