2967 4384
1023 602 1413 726 ΤΙΤΙ
1501 599 1911 724 LIVI

903 845 1044 912 AB
1123 843 1435 911 URBE
1517 841 2036 910 CONDITA

1235 1085 1495 1148 LIBER
1538 1085 1718 1146 XXV

593 1223 738 1286 VII.
828 1223 998 1285 Cum
1052 1219 1563 1283 Tarentinorum
1623 1218 1901 1281 defectio
1958 1218 2097 1280 iam
2157 1218 2270 1282 diu
2326 1226 2392 1283 et
2448 1219 2518 1281 in
2553 1229 2628 1281 10

422 1344 540 1405 spe
596 1321 961 1386 Hannibali
1016 1327 1081 1383 et
1135 1321 1206 1381 in
1261 1319 1634 1398 suspicione
1690 1319 2012 1381 Romanis
2067 1325 2259 1398 esset,
2318 1338 2520 1383 causa

423 1426 593 1487 forte
651 1422 1055 1486 extrinsecus
1110 1421 1550 1482 maturandae
1594 1418 1735 1481 eius
1792 1419 2168 1483 intervenit.
2259 1421 2519 1483 Phileas
2554 1431 2624 1483 11

423 1523 818 1587 Tarentinus
864 1522 976 1584 diu
1016 1521 1153 1583 iam
1198 1538 1311 1598 per
1351 1518 1641 1599 speciem
1681 1519 2028 1599 legationis
2068 1521 2323 1582 Romae
2365 1527 2520 1582 cum

425 1631 616 1703 esset,
645 1622 748 1686 vir
773 1621 1054 1701 inquieti
1080 1619 1288 1682 animi
1305 1627 1369 1682 et
1387 1619 1661 1681 minime
1681 1619 1914 1698 otium,
1940 1638 2069 1698 quo
2087 1626 2235 1682 tum
2266 1620 2519 1682 diutino

424 1741 758 1787 senescere
812 1721 1188 1799 videbatur,
1244 1719 1576 1799 patientiS‚
1628 1719 1889 1781 aditum
1940 1719 2066 1781 sibi
2117 1721 2206 1790 ad
2257 1720 2521 1783 obsides

424 1823 812 1887 Tarentinos
842 1827 906 1884 et
936 1819 1265 1882 Thurinos
1293 1819 1571 1882 invenit.
1663 1819 1971 1881 Custodie
1980 1820 2225 1882 bantur
2251 1820 2322 1881 in
2352 1821 2519 1882 atrio
2557 1828 2629 1880 12

425 1921 774 1986 Libertatis
825 1920 1078 1982 minore
1133 1937 1314 1997 cura,
1373 1919 1529 1998 quia
1580 1937 1700 1980 nec
1753 1919 1913 1998 ipsis
1965 1937 2084 1981 nec
2140 1920 2521 1982 civitatibus

425 2042 656 2086 eorum
705 2024 932 2084 fallere
982 2023 1324 2084 Romanos
1374 2021 1789 2100 expediebat.
1880 2022 2021 2083 Hos
2072 2022 2316 2083 crebris
2367 2040 2523 2083 con·
2557 2031 2628 2083 13

424 2124 665 2204 loquiis
704 2121 1091 2185 sollicitatos
1130 2120 1457 2201 corruptis
1498 2121 1781 2183 aedituis
1809 2121 2069 2184 duobus
2099 2139 2253 2182 cum
2296 2122 2521 2201 primis

422 2223 712 2287 tenebris
762 2221 1066 2285 custodia
1115 2220 1469 2299 eduxisset,
1521 2219 1659 2301 ipse
1712 2239 1933 2282 comes
1984 2220 2223 2283 occulti
2273 2221 2523 2282 itineris

423 2326 641 2387 factus
695 2322 1007 2402 profugit.
1098 2322 1270 2384 Luce
1326 2321 1542 2400 prima
1592 2322 1861 2400 volgata
1915 2339 2029 2399 per
2075 2320 2314 2383 urbem
2361 2321 2522 2400 fuga

423 2430 544 2502 est,
584 2423 903 2502 missique
949 2421 1061 2502 qui
1100 2441 1169 2485 se
1178 2427 1537 2501 querentur
1574 2421 1663 2483 ab
1701 2420 2058 2483 Tarracina
2097 2439 2523 2500 comprensos

425 2524 642 2586 omnis
682 2530 1120 2586 retraxerunt.
1211 2521 1496 2584 Deducti
1537 2521 1607 2582 in
1641 2521 1987 2583 comitium
2030 2521 2361 2601 virgisque
2403 2523 2524 2585 ad—

429 2625 751 2704 probante
783 2624 1030 2705 populo
1065 2622 1240 2685 caesi
1278 2624 1355 2684 de
1391 2639 1552 2685 saxo
1580 2623 1969 2684 deiciuntur.
2059 2622 2234 2684 VIII.
2304 2622 2521 2683 Huius
2555 2631 2589 2683 1

425 2725 740 2788 atrocitas
825 2742 1074 2804 poenae
1164 2724 1449 2784 duarum
1530 2722 2096 2784 nobilissimarum
2177 2721 2247 2782 in
2330 2722 2522 2782 Italia

427 2827 830 2888 Graecarum
862 2824 1237 2888 civitatium
1269 2824 1530 2885 animos
1561 2822 1860 2885 inritavit
1895 2841 2049 2885 cum
2085 2821 2341 2900 publice
2376 2826 2523 2881 tum

426 2925 632 2987 etiam
660 2925 954 3005 singulos
989 2924 1322 3004 privatim,
1352 2930 1428 2986 ut
1464 2924 1741 3003 quisque
1772 2930 1914 2985 tam
1944 2923 2134 2984 foede
2166 2922 2522 2999 interemp-
2554 2925 2591 2975 2

424 3031 530 3087 tos
597 3032 714 3088 aut
783 3025 1277 3105 propinquitate
1343 3030 1461 3087 aut
1529 3022 1822 3084 amicitia
1888 3022 2349 3102 contingebat.‘
2422 3022 2521 3080 Ex
2553 3030 2590 3083 3

426 3124 508 3186 iis
576 3125 896 3186 tredecim
965 3125 1099 3186 fere
1156 3123 1412 3185 nobiles
1482 3122 1757 3183 iuvenes
1827 3121 2163 3183 Tarentini
2219 3121 2523 3183 coniura-

430 3231 693 3302 verunt,
745 3241 1028 3303 quorum
1097 3223 1423 3303 principes
1465 3222 1628 3282 Nico
1694 3227 1758 3282 et
1824 3221 2245 3283 Philemenus
2311 3225 2519 3282 erant.

427 3419 546 3464 vn.
584 3418 762 3464 10-11.
797 3419 1034 3471 capture
1046 3418 1422 3462 ofTarentum.
1577 3417 1654 3461 13.
1711 3415 1778 3460 de
1798 3425 1957 3462 saxo:
1980 3427 2045 3458 sc.
2076 3416 2291 3466 Tarpeio.

484 3487 564 3531 10.
617 3486 678 3530 in
696 3486 1239 3537 spe,1nsusmciono:
1260 3491 1427 3526 trans·
1576 3483 1712 3524 VIII.
1770 3484 1814 3527 1.
1872 3483 2213 3528 civitatium:
2254 3485 2339 3524 the
2373 3483 2522 3523 usual

429 3551 532 3594 late
551 3555 617 3605 by
637 3556 800 3595 verbs.
839 3553 1128 3595 “Hannibal
1146 3553 1245 3594 had
1263 3554 1426 3604 hoped
1525 3554 1660 3594 torm
1678 3554 1735 3594 of
1754 3555 1839 3594 the
1856 3554 2081 3603 genitive
2106 3553 2276 3603 plural
2294 3553 2347 3591 in
2375 3553 2520 3601 Livy.

431 3619 512 3660 ror
545 3621 645 3661 and
689 3621 776 3661 the
810 3619 1034 3661 Romans
1076 3619 1176 3661 had
1211 3625 1429 3670 suspect.-
1578 3621 1625 3664 2.
1679 3619 2059 3671 confingebat:
2077 3619 2377 3659 “connected
2396 3619 2523 3656 with

430 3687 490 3726 ed
513 3688 540 3704 '⁹
1526 3687 1668 3727 them
1695 3687 1761 3737 by
1796 3686 1893 3728 ties
1925 3687 1979 3726 ot
2004 3685 2217 3725 kindred
2246 3693 2305 3724 or
2338 3683 2525 3724 triend·

485 3715 563 3796 i1.
617 3751 913 3804 patrenus:
933 3753 1093 3794 refers
1113 3755 1167 3793 to
1185 3752 1348 3793 animi.
1528 3754 1697 3805 ship.”

1457 3819 1511 3862 w
