2967 4384
353 232 454 276 xx.
480 218 540 287 4]
1196 214 1428 271 unm
1462 213 1635 270 xxx
2351 211 2456 270 157

357 392 811 454 Hannibalem
874 391 1233 452 mittendos
1297 395 1591 451 censent:
1661 390 1904 469 quippe
1969 389 2163 451 classi
2223 395 2298 451 ut
2361 389 2455 450 fe-

357 492 665 554 licissime
720 497 1034 572 gerantur
1087 509 1212 569 res,
1271 498 1454 569 parte
1509 491 1736 569 aliqua
1790 491 1997 552 levari
2051 489 2280 551 Uticae
2337 489 2455 550 ob-

359 592 716 669 sidionem3
767 591 1237 670 Carthaginem
1286 591 1505 668 ipsam
1561 591 1672 668 qui
1723 596 2009 667 tueatur,
2062 607 2277 668 neque
2328 591 2455 649 im·
2487 605 2523 656 8

364 698 734 770 peratorem
789 691 997 752 alium
1045 709 1248 769 quam
1307 690 1758 752 Hannibalem
1816 708 2032 769 neque
2095 690 2454 753 exercitum

360 791 570 853 alium
658 808 860 870 quam
943 790 1340 852 Hannibalis
1425 808 1785 868 superesse.
1876 793 2213 853 Deductae
2299 808 2452 870 ergo
2485 808 2521 859 9

366 897 625 971 postero
683 891 784 953 die
835 909 1044 953 naves
1095 891 1292 952 simul
1344 896 1409 951 et
1459 891 1659 969 legati
1710 891 1780 951 in
1831 892 2097 952 Italiam
2151 891 2455 970 profecti3
2574 891 2577 894 ’

361 991 739 1070 raptimque
792 991 1016 1052 omnia
1068 991 1448 1052 stimulante
1501 992 1772 1052 fortuna
1822 992 2220 1069 agebantur;
2271 998 2334 1053 et
2385 991 2455 1052 in

367 1108 497 1169 quo
559 1092 839 1170 quisque
898 1096 1236 1168 cessasset,
1298 1091 1488 1168 prodi
1544 1091 1633 1152 ab
1689 1109 1756 1152 se
1816 1092 2100 1152 salutem
2156 1091 2455 1151 omnium

365 1191 654 1252 rebatur.

532 1291 708 1352 XIX.
754 1291 858 1353 Ad
909 1291 1026 1353 Cn.
1079 1290 1433 1352 Servilium
1481 1293 1844 1370 consulem,
1900 1292 2011 1370 qui
2061 1292 2131 1353 in
2180 1292 2455 1353 Bruttiis
2492 1311 2563 1362 10

364 1396 527 1468 erat,
566 1391 943 1469 Consentia,
979 1391 1344 1469 Aufugum,
1382 1392 1654 1470 Bergae,
1693 1392 2017 1469 Besidiae,
2056 1391 2453 1468 Ocriculum,

365 1491 849 1570 Lymphaeum,
911 1491 1389 1570 Argentanum,
1453 1492 1822 1569 Clampetia
1884 1492 2208 1570 multique
2271 1492 2457 1570 igno-

369 1591 530 1652 biles
614 1591 864 1669 populi‚
945 1607 1278 1651 senescere
1361 1591 1683 1651 Punicum
1770 1592 2016 1653 bellum
2094 1595 2454 1666 cernenteS,

368 1690 683 1753 defecere.
773 1691 963 1750 Idem
1009 1692 1238 1751 consul
1285 1706 1440 1750 cum
1485 1690 1861 1751 Hannibale
1908 1691 1978 1751 in
2024 1709 2181 1771 agro
2230 1691 2458 1752 Croto-

363 1790 579 1851 niensi
634 1789 774 1851 acie
830 1790 1144 1852 conflixit.
1236 1789 1531 1851 Obscura
1586 1789 1727 1850 eius
1786 1808 2042 1868 pugnae
2097 1791 2282 1853 fama
2336 1797 2453 1853 est.

363 1890 539 1950 Nihil
597 1896 771 1951 certe
830 1890 1004 1950 ultra
1063 1889 1154 1949 rei
1212 1889 1282 1949 in
1338 1889 1533 1950 Italia
1590 1889 1678 1949 ab
1736 1889 2111 1951 Hannibale
2171 1895 2564 1968 gestum312

364 2006 526 2050 nam
568 1990 657 2050 ad
701 2005 856 2049 eum
905 2005 1166 2066 quoque
1211 1988 1409 2067 legati
1454 1988 1543 2049 ab
1588 1988 1983 2067 Carthagine
2030 1995 2344 2050 vocantes
2387 1989 2457 2050 in

363 2088 658 2149 Africam
689 2088 768 2148 iis
801 2087 970 2149 forte
1011 2087 1262 2164 diebuS,
1303 2087 1542 2163 quibus
1576 2089 1665 2149 ad
1697 2088 2073 2166 Magonem,
2109 2095 2453 2152 venerunt.

366 2188 509 2249 XX.
559 2188 894 2249 Frendens
957 2204 1358 2266 gemensque
1422 2179 1499 2247 ac
1568 2187 1678 2248 vix
1725 2188 2014 2249 lacrimis
2077 2194 2454 2267 temperans
2489 2195 2521 2245 1

370 2287 607 2348 dicitur
654 2288 1025 2367 legatorum
1067 2286 1271 2347 verba
1311 2286 1597 2349 audisse.
1688 2275 2053 2365 Postquam
2082 2288 2261 2349 edita
2300 2293 2455 2349 sunt

363 2388 706 2464 mandata,
771 2386 940 2447 ‘Iam
999 2404 1134 2447 non
1173 2386 1498 2464 perplexe’
1558 2386 1797 2465 inquit,
1836 2387 1973 2448 ‘sed
2013 2389 2235 2465 palam
2269 2405 2457 2449 revo-
2490 2393 2525 2443 2

365 2491 541 2563 cant,
583 2487 694 2563 qui
730 2487 1020 2548 vetando
1055 2486 1596 2574 supplementum
1630 2492 1693 2548 et
1730 2489 2080 2565 pecuniam
2114 2489 2287 2549 mitti
2320 2489 2456 2549 iam

368 2587 623 2663 pridem
658 2586 1103 2648 retrahebant.
1193 2585 1362 2646 Vicit
1397 2604 1553 2666 ergo
1588 2587 2039 2649 Hannibalem
2073 2607 2207 2649 non
2247 2604 2456 2666 popu·
2488 2596 2523 2648 3

364 2687 466 2746 lus
523 2687 888 2762 RomanuS‚
946 2685 1187 2747 totiens
1245 2703 1475 2747 caesus
1530 2686 1957 2766 fugatusque,
2015 2689 2131 2749 sed
2188 2693 2456 2749 senatus

366 2785 920 2864 Carthaginiensis
955 2785 1431 2847 obtrectatione
1467 2793 1669 2864 atque
1705 2786 1980 2848 invidia.
2070 2789 2294 2866 Neque
2329 2788 2454 2848 hac

370 2885 786 2946 deformitate
836 2884 1084 2947 reditus
1133 2886 1263 2946 mei
1311 2892 1452 2946 tam
1500 2886 1571 2948 P.
1622 2885 1836 2964 Scipio
1886 2887 2206 2948 exultabit
2255 2893 2454 2966 atque
2490 2892 2527 2943 4

366 2985 591 3044 efferet
629 3001 768 3045 sese
813 3001 1014 3061 quam
1051 2986 1316 3062 Hanno,
1362 2986 1474 3062 qui
1517 2987 1791 3047 domum
1827 2993 2147 3064 nostram,
2191 2990 2456 3065 quando

416 3230 462 3274 7.
517 3231 602 3273 ut:
664 3229 962 3270 concessive.
1052 3231 1214 3279 parte
1244 3261 1255 3274 .
1296 3262 1308 3274 .
1350 3261 1361 3275 .
1488 3230 1626 3274 XIX.
1669 3231 1892 3276 10.-ΚΧ.
1949 3231 2223 3276 Hannibal
2250 3234 2299 3275 is
2335 3233 2432 3280 Be-

365 3294 727 3339 obsidionem:
755 3297 877 3336 “the
901 3295 1021 3346 only
1039 3297 1182 3337 effect
1199 3298 1364 3338 would
1710 3299 1881 3342 called
1900 3299 2036 3341 from
2053 3299 2208 3347 Italy.

365 3363 426 3402 be
440 3372 471 3403 a
488 3361 677 3414 partial
692 3362 837 3401 relies
853 3363 908 3401 ot
932 3362 1133 3403 Utica.”
1514 3365 1592 3408 10.
1648 3364 1970 3410 Consentia:
1990 3366 2047 3405 ln
2066 3367 2152 3406 the
2170 3369 2387 3416 country
2405 3368 2459 3406 ot

418 3430 465 3473 9.
518 3427 793 3473 deductae
815 3429 1009 3478 (suntot
1033 3430 1364 3471 ⁴·launched.'’
1460 3432 1547 3471 the
1581 3432 1789 3478 Bruttii,
1819 3441 1877 3474 as
1903 3442 1991 3472 are
2018 3434 2107 3473 the
2133 3436 2301 3474 towns
2334 3437 2457 3474 next

364 3493 535 3546 Scipio
565 3494 760 3545 pushed
789 3504 856 3535 on
885 3500 940 3536 to
957 3496 1168 3546 Tyneta.
1189 3497 1364 3537 fifteen
1458 3498 1763 3540 mentioned.

363 3561 510 3601 miles
545 3562 680 3602 from
706 3560 971 3612 Carthage.
1027 3562 1233 3604 Laelius
1262 3565 1363 3604 and
1510 3565 1593 3608 12.
1647 3564 1755 3608 rel:
1800 3566 2046 3617 partitive
2078 3565 2306 3615 genitive
2332 3565 2457 3606 with

364 3627 637 3669 Masinissa
663 3629 884 3678 pursued
915 3627 1123 3678 Syphax
1151 3629 1264 3669 into
1283 3631 1364 3670 his
1456 3629 1592 3669 nihil.
1647 3631 1954 3682 Magonem:
1986 3634 2137 3682 Mago
2154 3643 2261 3674 was
2289 3633 2344 3673 in
2374 3635 2459 3674 the

363 3694 622 3744 nngdom‚
657 3695 825 3736 where
867 3695 932 3736 he
963 3703 1069 3735 was
1103 3697 1358 3746 captured.
1457 3698 1611 3737 north
1630 3707 1817 3748 among
1835 3699 1920 3738 the
1936 3699 2163 3748 Ligures.

365 3760 520 3802 Later
537 3763 602 3802 he
615 3770 723 3803 was
740 3761 1358 3804 sentmehainstoRome.
1508 3763 1619 3804 XX.
1674 3766 1722 3808 2.
1776 3765 2170 3808 retrahebant:
2207 3765 2454 3806 conative.

363 3827 612 3880 Chapters
631 3828 759 3868 lo-w.
1507 3831 1557 3873 4.
1612 3829 1825 3875 Hanno:
1850 3841 1931 3871 see
1948 3836 2068 3872 note
2087 3837 2140 3872 to
2157 3833 2218 3872 ω.
2242 3832 2306 3874 12.
2324 3833 2363 3874 ο.
