2967 4384
957 719 1334 837 TITI
1433 715 1850 834 LIVI

835 958 976 1024 AB
1060 955 1370 1023 URBE
1454 952 1979 1021 CONDITA

1116 1197 1377 1258 LIBER
1445 1195 1668 1256 XXIII

531 1335 582 1397 1.
629 1332 970 1396 Hannibal
1011 1336 1157 1409 post
1196 1329 1612 1391 Cannensem
1654 1344 1948 1407 pugnam
1985 1325 2334 1388 confestim
2373 1346 2451 1389 ex
2486 1328 2517 1379 1

359 1435 602 1513 Apulia
628 1434 698 1494 in
725 1432 1070 1495 Samnium
1100 1435 1425 1506 moverat,
1456 1429 1706 1490 accitus
1734 1428 1803 1488 in
1830 1427 2147 1506 Hirpinos
2174 1444 2216 1487 a
2243 1425 2451 1488 Statio

359 1534 618 1611 Trebio,
662 1532 1007 1612 pollicente
1045 1549 1112 1592 se
1153 1530 1513 1607 Compsam
1548 1528 1970 1590 traditurum.
2062 1527 2165 1588 Ibi
2207 1527 2453 1605 praeda
2486 1530 2523 1580 4

361 1634 542 1695 omni
582 1639 782 1711 atque
823 1630 1314 1709 impedimentis
1345 1629 1610 1704 relictis,
1639 1627 1926 1689 exercitu
1962 1627 2201 1705 partito
2226 1628 2454 1705 Mago-

359 1751 515 1795 nem
568 1733 851 1812 regionis
922 1731 1061 1793 eius
1115 1731 1314 1801 urbes
1381 1735 1498 1790 aut
1559 1728 1917 1789 deficientis
1976 1728 2062 1788 ab
2134 1728 2454 1790 Romanis

359 1834 656 1912 accipere
703 1838 820 1893 aut
872 1830 1298 1893 detractantis
1345 1847 1575 1908 cogere
1624 1829 1712 1889 ad
1767 1827 2202 1890 defectionem
2248 1829 2453 1906 iubet,

358 1933 497 2012 ipse
540 1951 657 2012 per
691 1949 927 2011 agrum
967 1931 1386 2009 Campanum
1422 1946 1606 1989 mare
1647 1927 1935 1988 inferum
1981 1929 2161 2007 petit,
2202 1946 2456 2008 oppug-
2488 1937 2523 1988 5

359 2039 637 2095 naturus
685 2032 1052 2110 Neapolim,
1102 2036 1177 2092 ut
1224 2029 1462 2091 urbem
1512 2028 1919 2090 maritimam
1968 2029 2262 2091 haberet.
2350 2030 2454 2092 Ab
2493 2051 2563 2103 10

357 2134 523 2194 urbe
555 2133 1007 2211 oppugnanda
1036 2132 1335 2192 Poenum
1365 2130 1775 2191 absterruere
1810 2137 2164 2210 conspecta
2192 2130 2455 2194 moenia

358 2233 890 2311 haudquaquam
923 2237 1231 2311 prompta
1262 2230 1697 2311 oppugnanti.

530 2333 614 2394 11.
664 2332 826 2394 Inde
900 2332 1201 2410 Capuam
1271 2332 1474 2393 flectit
1546 2332 1670 2392 iter
1743 2331 2188 2393 luxuriantem
2258 2333 2457 2410 longa
2491 2344 2525 2397 1

359 2432 669 2494 felicitate
699 2438 899 2510 atque
926 2431 1340 2510 indulgentia
1363 2432 1693 2508 fortunae,
1722 2433 2009 2493 maxime
2037 2437 2262 2493 tamen
2288 2432 2456 2493 inter

360 2537 673 2611 corrupta
733 2531 960 2593 omnia
1018 2531 1283 2594 licentia
1346 2531 1558 2611 plebis
1619 2532 1757 2593 sine
1819 2533 2021 2592 modo
2083 2531 2455 2594 libertatem

360 2631 740 2694 exercentis,

529 2731 673 2793 VII.
721 2731 949 2810 Legati
1016 2732 1104 2792 ad
1170 2731 1625 2793 Hannibalem
1693 2737 2018 2818 venerunt
2091 2749 2451 2811 pacemque
2489 2746 2523 2798 1

361 2847 518 2892 cum
565 2846 642 2892 eo
693 2830 1195 2893 condicionibus
1242 2831 1347 2893 his
1395 2831 1716 2910 fecerunt,
1767 2850 1849 2894 ne
1905 2832 2049 2910 quis
2098 2831 2457 2911 imperator

363 2930 876 3009 magistratusve
909 2930 1284 2991 Poenorum
1315 2930 1418 2992 ius
1449 2932 1665 2993 ullum
1696 2932 1765 2992 in
1798 2932 2013 2994 civem
2039 2931 2457 3010 Campanum

360 3030 659 3107 haberet,
692 3047 860 3092 neve
895 3029 1057 3091 civis
1090 3029 1472 3108 Campanus
1503 3031 1754 3093 invitus
1786 3032 2096 3093 militaret
2127 3048 2455 3094 munusve

358 3129 642 3207 faceret3
703 3136 778 3191 ut
825 3148 984 3192 suae
1021 3130 1220 3208 leges,
1269 3130 1373 3192 sui
1419 3131 1847 3210 magistratus
1895 3131 2159 3210 Capuae
2208 3138 2457 3208 essent3
2488 3152 2525 3202 2

361 3293 475 3338 1-11.
523 3294 568 3339 1.
608 3292 725 3337 vn.
775 3293 883 3338 1-8.
935 3292 1122 3344 capua
1139 3293 1363 3337 Deserts
1508 3294 1572 3334 11.
1630 3295 1675 3339 1.
1730 3294 1883 3338 inter
1934 3295 2123 3340 omnia
2167 3296 2455 3345 corrupta:

676 3363 734 3404 to
761 3359 1048 3403 Hannibal.
1459 3360 1547 3401 “ln
1567 3361 1652 3402 the
1669 3362 1873 3411 general
1890 3362 2235 3412 corruption.”
2280 3361 2455 3406 licen-

411 3429 461 3472 4.
507 3426 609 3472 ibt:
629 3427 705 3468 Le.
721 3426 775 3467 in
792 3426 1004 3478 Compsa.
1038 3425 1361 3471 detractam·
1457 3428 1566 3473 t1a:
1595 3429 1818 3470 ablative
1837 3430 1891 3468 ot
1908 3438 2072 3470 cause.

363 3493 463 3538 21⁸:
491 3503 557 3536 sc.
579 3491 786 3542 deficere.
1509 3494 1619 3534 VII.
1681 3495 1725 3538 1.
1779 3494 1861 3538 in:
1892 3495 1977 3534 “in
1994 3497 2191 3545 respect
2205 3496 2308 3534 to.''
2337 3501 2455 3537 mu-

417 3561 496 3605 10.
553 3559 853 3612 conspecta
895 3559 1135 3604 moeniae
1177 3569 1258 3601 see
1287 3561 1364 3601 In·
1459 3569 1585 3604 nus:
1630 3562 1789 3602 refers
1825 3565 1879 3601 to
1909 3565 2053 3602 taxes
2088 3561 2188 3602 and
2224 3559 2459 3611 personal

363 3626 658 3669 troduction
669 3626 806 3667 VIII.
823 3628 861 3666 7.
877 3628 1137 3677 prompta
1152 3635 1364 3679 oppug-
1461 3627 1666 3668 service.

363 3693 719 3744 nant12⁴·easy
735 3693 1029 3734 toattack.”
1045 3693 1363 3743 oppuqnancae':
1514 3695 1560 3736 2.
1614 3701 1769 3738 suae:
1805 3691 2087 3744 :propr-iae.

366 3758 628 3802 indefinite
645 3759 891 3810 singular.

1402 3827 1454 3872 8⁹
