2967 4384
417 260 556 315 xlix.
587 261 644 326 2]
1243 255 1475 310 mult
1508 255 1685 310 xxn
2446 253 2519 307 83

426 449 722 510 pugnam
765 429 1021 506 ineunt,
1051 446 1188 490 non
1231 433 1499 490 tantum
1537 444 1621 513 ¹eo
1666 425 1991 504 iniquam,
2044 425 2223 504 quod
2281 423 2518 486 inclusi
2552 440 2623 491 10

422 531 744 593 adversus
785 528 1244 605 circumfusoS,
1285 527 1401 589 sed
1441 527 1646 587 etiam
1690 526 1867 604 quod
1906 525 2061 587 fessi
2101 542 2256 586 cum
2294 543 2518 586 recen-

419 631 603 692 tibus
650 648 730 692 ac
779 629 1029 708 vegetis
1081 627 1492 707 pugnabant.

592 730 883 792 XLVIII.
932 730 1079 790 Iam
1119 733 1184 790 et
1224 727 1490 789 sinistro
1531 743 1740 788 cornu
1778 728 2107 803 Romano,
2151 725 2269 786 ubi
2308 726 2518 787 socio·
2552 737 2584 787 1

419 848 572 891 rum
637 829 893 908 equites
958 829 1281 890 adversus
1344 826 1669 888 Numidas
1734 831 2072 902 steterant,
2140 831 2517 886 consertum

425 930 760 1010 proelium.
781 935 944 1006 erat,
978 945 1175 1007 segne
1214 927 1426 1006 primo
1459 932 1525 988 et
1557 945 1598 988 a
1630 926 1881 987 Punica
1914 931 2226 1004 coeptum
2256 925 2512 987 fraude.

419 1029 775 1108 Quingenti
821 1028 1028 1090 ferme
1074 1027 1425 1105 Numidae,
1476 1032 1734 1106 praeter
1779 1026 1974 1088 solita
2018 1043 2206 1088 arma
2249 1027 2514 1104 telaque
2547 1026 2583 1077 2

419 1130 677 1209 gladios
720 1130 1016 1191 occultos
1057 1128 1187 1190 sub
1227 1127 1448 1189 loricis
1491 1126 1835 1203 habenteS‚
1881 1126 2097 1205 specie
2140 1126 2517 1204 transfuga-

419 1247 572 1291 rum
617 1246 773 1291 cum
816 1229 906 1290 ab
950 1228 1088 1290 suis
1137 1244 1404 1306 parmas
1454 1234 1602 1305 post
1645 1233 1831 1306 terga
1874 1226 2196 1288 habentes
2241 1226 2516 1304 adequi—

418 1335 693 1406 tassent,
731 1335 1001 1408 repente
1041 1346 1120 1390 ex
1159 1327 1347 1406 equis
1391 1327 1720 1403 desiliunt,
1766 1326 2141 1405 parmisque
2181 1332 2245 1388 et
2282 1326 2513 1389 iaculis
2546 1326 2583 1378 3

419 1436 574 1492 ante
624 1429 822 1507 pedes
865 1428 1162 1490 hostium
1208 1427 1516 1507 proiectis
1557 1426 1627 1487 in
1671 1426 1965 1488 mediam
2008 1426 2220 1488 aciem
2260 1428 2514 1506 accepti

423 1529 737 1606 ductique
779 1529 867 1591 ad
910 1529 1182 1590 ultimos
1224 1527 1565 1589 considere
1619 1526 1708 1588 ab
1759 1533 1942 1606 tergo
1999 1526 2329 1588 iubentur.
2418 1528 2512 1589 Ac

425 1629 586 1690 dum
631 1629 969 1706 proelium·
991 1628 1082 1689 ab
1123 1627 1306 1688 omni
1351 1633 1535 1705 parte
1578 1625 1964 1704 conseritur,
2012 1626 2213 1705 quieti
2253 1644 2515 1688 manse-

419 1733 610 1804 runt;
659 1733 1015 1805 postquam
1042 1727 1346 1787 omnium
1381 1727 1641 1788 animos
1676 1727 2033 1804 oculosque
2070 1733 2513 1804 occupaverat
2547 1730 2585 1782 4

420 1833 779 1905 certamen,
809 1834 957 1889 tum
986 1826 1268 1904 arreptis
1297 1825 1523 1904 scutiS,
1561 1843 1728 1904 quae
1765 1826 2011 1903 passim
2038 1825 2210 1888 inter
2240 1844 2514 1889 acervos

420 1944 767 1988 caesorum
820 1943 1176 2005 corporum
1228 1931 1439 1987 strata
1492 1931 1704 2002 erant,
1759 1942 2066 2014 aversam
2121 1926 2514 1988 adoriuntur

418 2027 800 2088 Romanam
835 2026 1069 2103 aciem,
1104 2025 1422 2104 tergaque
1457 2024 1768 2087 ferientes
1801 2043 1879 2086 ac
1920 2025 2199 2104 poplites
2234 2027 2515 2088 caeden-

418 2132 517 2189 tes
567 2132 858 2205 stragem
906 2125 1244 2205 ingentem
1293 2142 1372 2188 ac
1423 2124 1744 2186 maiorem
1795 2124 2139 2202 aliquanto
2196 2143 2512 2204 pavorem

417 2243 496 2288 ac
537 2227 904 2288 tumultum
942 2225 1261 2288 fecerunt.
1352 2225 1523 2287 Cum
1562 2225 1721 2287 alibi
1761 2232 1971 2287 terror
2010 2243 2087 2287 ac
2128 2224 2309 2305 fuga,
2351 2226 2512 2289 alibi
2545 2233 2580 2286 5

422 2327 723 2405 pertinax
773 2325 844 2386 in
895 2326 1075 2386 mala
1125 2325 1262 2386 iam
1312 2342 1428 2403 spe
1486 2325 1810 2402 proelium
1862 2331 2053 2403 esset,
2106 2326 2511 2403 Hasdrubal,

422 2426 535 2504 qui
563 2443 643 2486 ea
672 2431 856 2504 parte
887 2430 1207 2503 praeerat,
1235 2424 1599 2486 subductos
1626 2443 1705 2486 ex
1751 2425 1974 2487 media
2001 2426 2139 2487 acie
2166 2427 2511 2505 NumidaS,

423 2525 579 2604 quia
620 2524 838 2603 segnis
880 2541 1112 2588 eorum
1154 2541 1308 2585 cum
1349 2524 1649 2586 adversis
1694 2542 1916 2603 pugna
1959 2532 2120 2603 erat,
2164 2527 2252 2588 ad
2299 2545 2513 2605 perse-

423 2613 722 2703 quendos
788 2624 1035 2702 passim
1098 2622 1410 2702 fugientis
1473 2623 1699 2701 mittit,
1764 2624 2099 2703 Hispanos
2163 2632 2228 2688 et
2292 2627 2511 2690 Gallos
2546 2636 2584 2688 6

419 2725 675 2802 equites
709 2723 884 2785 Afris
924 2740 1126 2802 prope
1161 2722 1300 2783 iam
1333 2721 1523 2784 fessis
1560 2723 1759 2785 caede
1795 2724 2007 2804 magis
2049 2743 2250 2803 quam
2289 2744 2512 2806 pugna

417 2823 743 2902 adiungit.

589 2923 818 2985 XLIX.
866 2923 1059 2984 Parte
1133 2924 1342 2985 altera
1419 2941 1679 3003 pugnae
1752 2925 2020 3003 Paulus,
2100 2943 2509 3006 quamquam
2544 2944 2576 2995 1

424 3023 638 3103 primo
675 3023 903 3084 statim
943 3022 1188 3101 proelio
1226 3023 1440 3085 funda
1477 3024 1766 3103 graviter
1801 3024 1970 3086 ictus
2006 3025 2245 3104 fuerat,
2283 3033 2510 3091 tamen
2542 3049 2580 3100 2

420 3129 485 3185 ct
543 3122 825 3186 occurrit
881 3139 1078 3200 saepe
1136 3139 1291 3183 cum
1347 3123 1661 3184 confertis
1714 3124 2079 3187 Hannibali
2136 3132 2201 3189 et
2256 3127 2511 3207 aliquot

419 3222 582 3286 locis
647 3221 970 3300 proelium
1031 3221 1337 3299 restituit,
1405 3223 1898 3302 protegentibus
1960 3242 2117 3285 eum
2176 3228 2511 3305 equitibus

421 3322 765 3400 Romanis,
826 3321 1085 3383 omissis
1147 3328 1477 3400 postremo
1538 3324 1747 3401 equiS,
1812 3324 1966 3402 quia
2025 3327 2365 3389 consulem
2424 3330 2510 3391 ad

471 3447 701 3510 x'Lvm.
758 3467 804 3512 1.
861 3465 1094 3512 sinistro
1121 3475 1315 3512 cornu:
1336 3476 1418 3508 see
1514 3469 1811 3521 absolutely.
1890 3469 2146 3514 Hannibal
2190 3477 2331 3514 must
2382 3475 2511 3516 have

421 3535 776 3578 Introduction
795 3533 931 3576 VIII.
953 3534 978 3573 8
995 3533 1081 3584 (d).
1513 3537 1737 3587 changed
1772 3536 1853 3578 his
1879 3538 2105 3588 position
2136 3540 2271 3581 from
2306 3541 2391 3581 the
2418 3542 2511 3583 leit

471 3604 520 3648 2.
575 3609 822 3653 parmas:
842 3611 874 3642 a
892 3601 1097 3643 smaller
1109 3599 1269 3642 anleld
1290 3604 1417 3644 than
1516 3608 1570 3644 to
1602 3604 1689 3645 the
1720 3603 1861 3655 right
1890 3604 2027 3656 wing
2060 3606 2247 3657 during
2291 3608 2376 3648 the
2405 3608 2511 3650 bat-

423 3670 510 3712 tbe
526 3669 721 3710 acutum.
1517 3671 1600 3711 tie.

470 3737 519 3781 4.
575 3734 1200 3786 caedento32‘⁴cutt1ng.··
1569 3737 1748 3778 XLIX.
1805 3739 1852 3783 1.
1905 3739 2069 3790 puto
2100 3737 2306 3784 altera:
2337 3740 2510 3792 Livy·s

475 3804 522 3848 ῦ.
576 3810 644 3847 οι.
687 3801 871 3854 parte:
941 3811 1023 3844 see
1064 3802 1420 3845 Introduction
1514 3803 1766 3855 language
1819 3805 1865 3846 is
1921 3815 2104 3856 vagum
2160 3807 2223 3846 ho
2266 3808 2509 3859 probably

423 3871 560 3914 VIII.
595 3869 620 3909 3
645 3869 727 3920 (d).
784 3867 1008 3910 Praeeue
1049 3869 1094 3911 is
1136 3870 1254 3912 here
1297 3871 1419 3912 used
1517 3880 1692 3914 means
1711 3872 1797 3912 the
1815 3876 1995 3913 center.
