2967 4384
387 211 566 270 xxvii.
593 213 655 285 8]
1278 213 1509 272 mna
1544 211 1691 272 xxi
2407 211 2481 270 2¹1

396 387 1401 474 QQ,
1463 386 1775 449 omnibus
1831 387 2041 450 ferme
2100 387 2236 450 suis
2300 352 2521 448 trans*

396 486 805 549 Rhodanum
848 487 1144 550 traiectis
1183 487 1569 549 ulteriorem
1609 488 1826 566 ripam
1865 487 2333 574 Q
2368 486 2483 578 2¹³7·

402 586 782 649 tinebantst

571 661 864 750 xivn.
915 688 1193 769 Iamque
1232 687 1544 749 omnibus
1580 688 1745 750 satis
1781 687 2163 766 conparatis
2199 687 2287 748 ad
2329 687 2483 748 trai-
2517 696 2549 745 1

392 786 704 848 ciendum
735 787 1077 849 terrebant
1101 804 1180 849 ex
1205 787 1488 849 adverso
1513 787 1742 849 hostes
1768 803 2034 848 omnem
2059 787 2277 864 ripam
2301 786 2484 865 equi-

397 891 494 948 tes
539 884 797 965 virique
840 886 1245 950 obtinentes,
1338 888 1519 967 Quos
1558 893 1639 949 ut
1677 893 2036 965 averteret,
2084 887 2486 948 Hannonem
2517 882 2553 933 2

395 985 784 1048 Bomilcaris
827 987 1042 1048 filium
1087 987 1311 1064 vigilia
1357 988 1572 1065 prima
1612 987 1831 1048 noctis
1874 1005 2029 1048 cum
2075 991 2263 1064 parte
2307 985 2485 1064 copi-

390 1102 605 1164 arum,
645 1086 934 1149 maxime
977 1086 1316 1165 HispaniS,
1355 1087 1642 1148 adverso
1677 1087 1951 1148 flumine
1987 1087 2081 1148 ire
2118 1087 2245 1148 iter
2286 1086 2485 1147 unius
2515 1086 2552 1139 3

395 1185 523 1247 diei
580 1185 770 1248 iubet
828 1192 919 1265 et,
972 1186 1092 1247 ubi
1152 1187 1442 1265 primum
1505 1187 1735 1265 possit,
1779 1204 1982 1265 quam
2041 1185 2485 1247 occultissime

396 1284 675 1347 traiecto
710 1285 895 1347 amni
932 1286 1424 1348 circumducere
1461 1303 1725 1366 agmen,
1763 1291 1864 1364 ut,
1904 1303 2059 1348 cum
2097 1302 2264 1363 opus
2298 1285 2484 1347 facto

391 1384 502 1463 sit,
542 1385 890 1447 adoriatur
927 1385 1016 1447 ab
1063 1391 1245 1463 tergo
1285 1385 1534 1448 hostes,
1628 1386 1730 1447 Ad
1770 1386 1839 1446 id
1885 1385 2026 1447 dati
2072 1386 2269 1447 duces
2316 1384 2485 1446 Galli
2515 1379 2554 1432 ⁴

392 1484 698 1563 edocent,
733 1485 890 1547 inde
923 1485 1109 1547 milia
1148 1486 1440 1566 quinque
1475 1491 1547 1547 et
1582 1485 1820 1563 viginti
1852 1486 2063 1547 ferme
2096 1502 2299 1563 supra
2337 1503 2484 1563 par-

395 1601 518 1646 vae
557 1584 813 1647 insulae
855 1585 1333 1647 circumfusum
1372 1603 1643 1647 amnem
1681 1585 1939 1664 latiore,
1981 1585 2099 1646 ubi
2142 1585 2483 1646 divideba-

398 1689 527 1763 tur,
570 1702 781 1766 eoque
824 1685 1048 1746 minus
1089 1685 1230 1747 alto
1272 1686 1465 1747 alveo
1515 1684 1874 1746 transitum
1918 1685 2285 1748 ostendere.
2380 1684 2485 1745 Ibi
2516 1698 2551 1751 5

392 1784 642 1862 raptim
700 1801 892 1846 caesa
948 1785 1234 1846 materia
1289 1790 1602 1863 ratesque
1656 1783 2051 1864 fabricatae,
2110 1784 2181 1844 in
2242 1785 2484 1863 quibus

391 1871 546 1962 equi
596 1883 853 1962 virique
902 1889 972 1946 et
1019 1884 1151 1946 alia
1201 1901 1402 1946 onera
1453 1885 1913 1946 traicerentur.
2006 1884 2293 1962 Hispani
2342 1885 2481 1946 sine

391 1983 528 2044 ulla
584 1984 758 2045 mole
831 1983 902 2044 in
958 1989 1142 2045 utres
1202 1983 1621 2046 vestimentis
1680 1984 2000 2046 coniectis
2055 1983 2183 2062 ipsi
2240 1984 2483 2046 caetris

389 2082 824 2161 superpositis
858 2082 1256 2145 incubantes
1289 2084 1540 2144 flumen
1580 2090 1949 2146 tranavere.
2043 2084 2133 2144 Et
2168 2083 2340 2146 alius
2374 2100 2481 2145 ex·
2514 2091 2549 2142 6

390 2182 635 2244 ercitus
686 2183 946 2245 ratibus
997 2183 1243 2245 iunctis
1298 2182 1637 2263 traiectuS,
1690 2183 1924 2246 castn’s
1979 2200 2183 2262 prope
2232 2184 2483 2245 flumen

395 2282 650 2362 positis,
669 2289 1002 2346 nocturno
1025 2283 1261 2345 itinere
1292 2289 1499 2363 atque
1525 2284 1741 2363 operis
1769 2283 1996 2346 labore
2018 2285 2234 2346 fessus
2263 2285 2483 2363 quiete

391 2383 590 2445 unius
619 2382 747 2445 diei
770 2383 1090 2462 reficitur,
1117 2383 1381 2445 intento
1408 2384 1573 2445 duce
1603 2383 1693 2445 ad
1724 2383 2074 2445 consilium
2105 2389 2481 2462 opportune

390 2484 910 2565 exsequendum.
1005 2486 1281 2547 Postero
1317 2483 1419 2545 die
1458 2483 1739 2562 profecti
1773 2500 1853 2545 ex
1886 2483 2258 2562 composito
2291 2483 2481 2544 fumo
2513 2492 2549 2544 7

389 2581 770 2660 significant
839 2583 1151 2645 transisse
1215 2589 1285 2645 et
1357 2583 1542 2645 haud
1609 2584 1838 2662 procul
1910 2582 2165 2645 abesse.
2286 2583 2481 2663 Quod

389 2683 507 2743 ubi
548 2684 810 2761 accepit
857 2683 1221 2763 Hannibal,
1264 2700 1349 2745 ne
1397 2684 1681 2761 tempori
1729 2685 2006 2763 deesset,
2056 2683 2175 2745 dat
2216 2683 2482 2760 signum

387 2782 476 2844 ad
504 2782 964 2846 traiciendum.
1059 2784 1206 2845 Iam
1231 2789 1503 2862 paratas
1526 2789 1929 2862 aptatasque
1952 2783 2252 2844 habebat
2281 2783 2481 2861 pedes
2514 2796 2551 2848 8

387 2881 643 2961 lintres,
671 2899 874 2962 eques
898 2883 1035 2944 fere
1066 2890 1338 2961 propter
1363 2900 1571 2962 equos
1598 2900 1826 2944 naves,
1923 2883 2215 2944 Navium
2240 2900 2482 2961 agmen

437 3095 647 3137 XXVII.
703 3097 748 3139 1.
822 3095 1204 3146 viri:=peditee.
1269 3097 1384 3141 ter-
1486 3106 1696 3137 summae
1761 3105 1912 3139 mons.
1972 3096 2195 3141 ratibus
2245 3095 2477 3141 iunctis:

387 3163 607 3208 rebant:
631 3164 879 3204 conative.
1488 3165 1652 3205 “ratts
1695 3165 1842 3205 made
1876 3165 1945 3214 by
1976 3163 2233 3213 tastening
2269 3164 2379 3213 logs
2408 3167 2481 3203 to-

439 3229 485 3274 8.
557 3228 795 3291 adverso
917 3229 1162 3277 flumine:
1284 3232 1385 3280 “up
1488 3232 1711 3280 gether.”
1756 3230 1941 3281 operis
1961 3230 2172 3274 labore:
2195 3238 2311 3278 opus
2331 3229 2375 3270 is
2395 3230 2479 3269 the

389 3294 626 3337 stream.’'
694 3297 766 3337 Ct.
813 3298 1013 3337 secunda
1041 3305 1181 3354 awa,
1206 3297 1384 3337 “down
1488 3296 1605 3337 task
1652 3296 2043 3347 accomplished3
2084 3294 2234 3344 labor,
2274 3297 2359 3337 the
2409 3297 2479 3337 ta·

389 3364 627 3403 stream.”
702 3362 873 3407 facto:
931 3363 1151 3404 ablativo
1194 3363 1248 3402 ot
1297 3363 1384 3403 the
1488 3363 1629 3412 tigue
1645 3363 1828 3403 caused
1847 3364 1914 3413 by
1934 3364 2019 3402 the
2047 3363 2175 3404 task.

387 3429 654 3480 participle
688 3429 814 3470 with
841 3438 961 3479 opus
988 3429 1064 3470 εἰι.
1118 3431 1170 3470 It
1189 3429 1384 3480 maybe
1538 3429 1584 3473 7.
1635 3427 1935 3472 transisse:
1957 3439 2021 3469 sc.
2043 3437 2103 3469 ce.

389 3496 604 3537 omitted
623 3495 677 3538 in
691 3494 1013 3536 translation.
1538 3495 1583 3539 8.
1639 3493 1863 3538 lintres:
1912 3495 2075 3544 “light
2126 3495 2317 3540 skins,·’
2368 3504 2478 3535 con-

441 3563 485 3606 5.
539 3561 718 3607 utres:
745 3561 954 3602 inflated
971 3561 1128 3607 skins,
1145 3561 1383 3602 the·‘bot·
1485 3561 1680 3602 trasted
1714 3560 1841 3600 with
1875 3569 2029 3600 naves.
2084 3559 2477 3611 tranquulita-

389 3627 515 3668 tles’'
534 3630 588 3669 ot
616 3629 702 3668 the
731 3628 854 3668 New
883 3627 1190 3668 Testament.
1252 3635 1378 3671 cae·
1481 3626 1617 3671 tem:
1639 3627 1811 3676 “quiet
1828 3629 2035 3668 water.’‘
2059 3626 2383 3678 praebebat:
2411 3635 2476 3666 sc.

387 3694 516 3738 tris:
537 3694 709 3735 dative
727 3694 852 3734 with
871 3693 1158 3734 incubantes.
1483 3691 1741 3733 Hannibal.
1795 3694 1947 3743 Many
1963 3693 2153 3733 editors
2174 3693 2288 3732 take
2315 3700 2481 3740 aymen

438 3761 486 3805 ⁶.
542 3760 695 3806 alius
723 3759 1027 3804 exercitus:
1051 3761 1168 3801 “the
1193 3763 1300 3801 rest
1327 3760 1381 3800 ot
1483 3770 1541 3801 as
1576 3761 1663 3801 the
1718 3759 1930 3808 subject,
1977 3759 2101 3799 with
2157 3757 2481 3798 transmittens

389 3827 475 3870 the
525 3829 719 3878 army.”
797 3826 900 3868 'Phe
945 3835 1083 3868 same
1125 3825 1287 3868 idiom
1322 3836 1378 3867 as
1482 3827 1603 3866 used
1624 3824 2002 3876 intransitu-ely
2020 3824 2075 3866 in
2092 3825 2433 3874 agreement:
