2967 4384
511 233 584 288 52
1419 240 1483 293 ⁹1¹.
1520 241 1685 295 uvi
2424 249 2544 316 [lvi.
2567 252 2605 305 9

515 406 915 485 praeterlata
938 407 1116 472 acies
1139 414 1262 490 est,
1288 410 1501 473 exorti
1533 412 1622 474 ab
1648 416 1834 492 tergo
1856 412 2200 493 ingentem
2229 418 2601 482 tumultum

406 518 480 570 io
510 524 590 569 ac
613 513 934 570 terrorem
952 509 1194 572 fecere.
1283 511 1539 573 Tamen
1559 511 1630 572 in
1656 518 1755 574 tot
1786 512 2382 580 circumstantibus
2402 520 2599 582 malis

508 609 759 670 mansit
787 609 1212 688 aliquamdiu
1240 611 1523 674 immota
1552 612 1754 692 acies,
1784 613 2077 676 maxime
2117 623 2379 694 praeter
2408 636 2600 697 spem

437 722 472 774 1.
508 712 814 774 omnium
848 713 1176 776 adversus
1209 714 1628 799 elephantos.
1720 714 1884 778 LVI.
1931 716 2494 799 Trepidantisque
2530 726 2597 784 et

509 827 716 891 prope
759 811 898 875 iam
935 812 1008 874 in
1045 831 1202 876 suos
1243 820 1704 878 consternatos
1742 833 1780 878 e
1818 815 2045 879 media
2082 816 2227 880 acie
2269 816 2342 879 in
2381 825 2593 881 extre-

504 928 691 973 mam
722 913 813 975 ad
846 912 1193 976 sinistrum
1226 932 1436 978 comu
1467 915 1797 979 adversus
1833 916 2057 980 Gallos
2090 917 2450 981 auxiliares
2482 920 2594 999 agi

501 1011 694 1074 iussit
730 1014 1096 1077 Hannibal.
1187 1013 1292 1075 Ibi
1329 1015 1664 1093 extemplo
1699 1016 1885 1077 haud
1926 1016 2204 1079 dubiam
2236 1017 2458 1081 fecere
2483 1019 2592 1081 fu-

499 1129 681 1192 gam,
740 1132 955 1194 eoque
1013 1132 1234 1177 novus
1293 1121 1505 1177 terror
1559 1115 1835 1178 additus
1894 1117 2244 1196 RomaniS,
2304 1125 2380 1180 ut
2434 1119 2591 1183 fusa

359 1242 366 1250 ⁴
430 1217 467 1268 2
499 1214 750 1277 auxilia
789 1233 912 1278 sua
957 1216 1291 1279 viderunt.
1381 1217 1622 1297 Itaque
1662 1235 1819 1279 cum
1856 1216 1997 1279 iam
2034 1217 2107 1277 in
2148 1218 2381 1281 orbem
2425 1237 2589 1299 pug-

499 1318 763 1392 narent,
801 1313 1032 1377 decem
1064 1315 1251 1378 milia
1281 1316 1493 1378 ferme
1527 1315 1905 1394 hominum,
1940 1335 2097 1378 cum
2129 1316 2265 1380 alia
2297 1320 2586 1382 evadere

500 1415 914 1495 nequissent,
963 1417 1188 1480 media
1234 1417 1552 1479 Afrorum
1598 1416 1765 1495 acie,
1819 1434 1953 1497 qua
2003 1417 2273 1480 Gallicis
2317 1420 2587 1483 auxiliis

497 1513 766 1577 firmata
807 1520 973 1595 erat,
1015 1534 1172 1578 cum
1211 1514 1465 1596 ingenti
1507 1514 1711 1578 caede
1752 1515 2051 1578 hostium
2095 1534 2453 1597 perrupere
2494 1525 2583 1600 et,

426 1619 462 1670 3
497 1630 653 1673 cum
700 1633 920 1695 neque
967 1615 1038 1677 in
1087 1622 1306 1678 castra
1354 1615 1609 1678 reditus
1656 1621 1829 1678 esset
1861 1616 2157 1679 flumine
2204 1616 2585 1682 interclusis

493 1730 713 1792 neque
779 1733 938 1794 prae
995 1715 1196 1777 imbri
1250 1715 1412 1779 satis
1478 1715 1831 1778 decernere
1898 1723 2193 1796 possent,
2254 1736 2389 1798 qua
2444 1720 2584 1782 suis

423 1821 462 1873 4
496 1829 695 1891 opem
724 1814 1000 1895 ferrent,
1035 1815 1446 1879 Placentiam
1477 1821 1662 1878 recto
1694 1815 1931 1878 itinere
1969 1834 2337 1895 perrexere.
2428 1820 2582 1882 Plu-

492 1928 596 1974 res
650 1913 889 1977 deinde
937 1915 1008 1976 in
1058 1932 1290 1978 omnes
1341 1921 1564 1996 partes
1612 1915 2000 1995 eruptiones
2045 1916 2300 1997 factae3
2347 1901 2414 1982 et
2467 1920 2584 2000 qui

491 2013 745 2076 flumen
787 2015 1054 2095 petiere,
1094 2021 1213 2078 aut
1252 2014 1627 2095 gurgitibus
1664 2015 2013 2095 absumpti
2052 2023 2212 2079 sunt
2250 2023 2370 2080 aut
2408 2019 2582 2082 inter

421 2121 455 2171 5
491 2115 992 2179 cunctationem
1057 2114 1476 2194 ingrediendi
1543 2115 1632 2178 ab
1701 2113 2011 2178 hostibus
2080 2118 2413 2198 oppressi3
2465 2119 2579 2200 qui

493 2215 743 2294 passim
775 2233 890 2295 per
917 2233 1112 2295 agros
1138 2216 1302 2295 fuga
1331 2215 1547 2295 sparsi
1575 2221 1790 2294 erant,
1819 2216 1934 2278 alii
1966 2217 2250 2296 vestigia
2280 2219 2579 2282 cedentis

487 2321 844 2394 sequentes
893 2314 1181 2393 agminis
1230 2314 1646 2378 Placentiam
1694 2315 2125 2395 contendere,
2175 2317 2325 2380 aliis
2376 2319 2577 2380 timor

487 2416 784 2477 hostium
824 2416 1185 2478 audaciam
1223 2415 1645 2493 ingrediendi
1687 2416 1941 2477 flumen
1978 2416 2164 2495 fecit,
2206 2423 2575 2497 transgres-

415 2524 452 2576 6
485 2515 676 2595 sique
732 2516 804 2577 in
859 2522 1079 2579 castra
1140 2520 1613 2594 pervenerunt.
1702 2516 1931 2578 Imber
1984 2516 2144 2581 nive
2200 2518 2451 2580 mixtus
2508 2525 2576 2582 et

483 2616 907 2680 intoleranda
942 2617 1042 2680 vis
1068 2616 1337 2695 frigoris
1365 2621 1431 2678 et
1460 2615 1769 2678 homines
1797 2616 2049 2678 multos
2078 2623 2147 2678 et
2173 2617 2478 2681 iumenta
2507 2625 2574 2682 et

414 2727 449 2779 7
483 2718 879 2797 elephantos
936 2735 1141 2796 prope
1189 2716 1408 2778 omnis
1448 2716 1853 2795 absumpsit.
1946 2716 2129 2778 Finis
2168 2717 2573 2797 insequendi

482 2818 693 2881 hostis
724 2819 962 2882 Poenis
993 2819 1248 2880 flumen
1274 2816 1518 2879 Trebia
1544 2816 1699 2895 fuit,
1723 2822 1790 2878 et
1818 2816 1915 2879 ita
1944 2822 2288 2897 torpentes
2316 2818 2471 2897 gelu
2499 2818 2571 2879 in

481 2924 701 2981 castra
769 2918 1046 2996 rediere,
1106 2922 1182 2979 ut
1256 2915 1367 2979 vix
1435 2915 1767 2978 laetitiam
1828 2916 2151 2979 victoriae
2220 2917 2567 2983 sentirent.

410 3024 447 3076 8
480 3020 719 3099 Itaque
752 3025 947 3081 nocte
983 3017 1389 3097 insequenti,
1425 3035 1583 3078 cum
1634 3017 2045 3095 praesidium
2084 3023 2461 3080 castrorum
2504 3024 2569 3080 et

484 3121 664 3198 quod
705 3120 1041 3199 reliquum
1079 3118 1465 3180 sauciorum
1493 3135 1575 3179 ex
1602 3135 1851 3195 magna
1884 3122 2073 3197 parte
2100 3118 2397 3179 militum
2424 3124 2569 3181 erat

478 3220 737 3282 ratibus
759 3219 1072 3282 Trebiam
1095 3217 1475 3296 traicerent,
1502 3222 1623 3280 aut
1648 3216 1817 3278 nihil
1842 3234 2107 3280 sensere
2138 3217 2568 3297 obstrepente

529 3439 611 3482 10.
664 3445 836 3487 spem:
859 3445 938 3477 see
956 3435 992 3476 6.
1014 3435 1051 3475 5.
1565 3435 1760 3485 change
1776 3434 1830 3474 ot
1848 3433 2086 3486 position.

529 3505 655 3547 LVI.
705 3504 751 3548 1.
796 3500 1238 3553 trepidantiszsc.
1257 3499 1470 3550 elephan·
1620 3501 1665 3544 3.
1719 3500 2070 3546 interclusis:
2098 3511 2166 3542 so.
2188 3499 2263 3542 ἰίε.
2540 3547 2543 3553 ,

476 3573 563 3614 cos.
619 3578 770 3615 nuos:
794 3571 880 3610 the
899 3569 1162 3620 elephants
1181 3577 1266 3609 are
1281 3568 1471 3619 spoken
1614 3570 1665 3613 4.
1719 3567 1874 3613 inter
1910 3567 2349 3613 cunctationem:
2384 3568 2568 3612 “while

475 3643 530 3682 oi
548 3640 733 3681 almost
752 3647 809 3679 as
827 3636 970 3678 allies
987 3636 1042 3676 oi
1072 3636 1157 3676 the
1175 3635 1472 3685 Carthagin—
1567 3637 1688 3686 they
1703 3634 2008 3676 hesitated.”

473 3708 602 3750 ians.
1620 3703 1663 3746 δ.
1721 3700 1989 3746 cedentis:
2010 3711 2186 3752 agrees
2198 3701 2324 3742 with
2333 3701 2563 3754 cominu.

525 3777 573 3819 2.
627 3773 687 3818 in
723 3773 930 3818 orbem:
960 3771 1046 3812 the
1073 3769 1360 3812 accusative
1395 3769 1472 3810 be·
1616 3770 1664 3813 8.
1718 3769 2077 3820 obstrepente
2157 3768 2378 3820 pluvia:
2448 3770 2567 3814 “the

474 3850 625 3886 cause
661 3842 715 3880 oi
749 3841 839 3880 the
872 3838 1071 3879 motion
1105 3837 1314 3889 implied
1350 3835 1406 3876 in
1441 3845 1473 3877 a
1567 3835 1709 3876 noise
1728 3836 1782 3874 oi
1801 3835 1886 3875 the
1906 3835 2113 3888 beating
2129 3835 2296 3876 rain.”
