2967 4384
469 225 542 282 30
1391 223 1458 281 'l'-
1496 225 1661 283 Lrvi
2322 229 2505 297 [xxix.
2531 225 2567 283 2

401 412 438 465 2
479 405 814 486 pararent.
909 399 1083 461 Huic
1110 400 1256 461 alae
1284 398 1594 477 equitum
1620 398 1828 478 missi,
1857 405 1938 461 ut
1963 406 2125 462 ante
2158 400 2414 461 dictum
2441 405 2568 478 est,

476 499 563 561 ab
613 499 784 560 ostio
836 498 1148 560 Rhodani
1200 498 1477 560 trecenti
1528 499 1989 560 Romanorum
2035 500 2296 578 equites
2344 517 2569 561 occur-

377 654 388 673 ,
476 604 658 662 runt.
753 587 1084 663 Proelium
1145 598 1438 660 atrocius
1497 616 1700 678 quam
1756 617 1875 678 pro
1927 617 2207 661 numero
2265 617 2569 678 pugnan-

406 706 442 758 3
483 699 655 760 tium
709 698 958 776 editur;
1017 716 1179 760 nam
1218 705 1479 778 praeter
1517 699 1735 761 multa
1776 699 2052 761 vulnera
2089 699 2325 762 caedes
2362 699 2572 761 etiam

483 814 686 877 prope
745 815 864 876 par
926 798 1265 876 utrimque
1328 797 1485 876 fuit,
1551 799 1845 877 fugaque
1914 805 1988 861 et
2055 816 2265 877 pavor
2337 799 2570 868 Numi·-

483 897 720 959 darum
809 897 1130 960 Romanis
1216 897 1354 960 iam
1455 898 1827 960 admodum
1876 927 1879 934 ·
1935 899 2126 960 fessis
2216 899 2573 961 victoriam

485 998 688 1059 dedit.
809 997 1108 1059 Victores
1163 998 1251 1059 ad
1313 1005 1588 1060 centum
1651 998 2118 1077 quadraginta,
2163 1015 2287 1060 nec
2340 1016 2573 1060 omnes

485 1097 794 1176 Romani,
869 1097 986 1159 sed
1059 1115 1212 1176 pars
1277 1099 1638 1177 Gallorum,
1703 1098 1866 1160 victi
1943 1098 2232 1176 amplius
2302 1098 2574 1161 ducenti

409 1200 447 1252 4
482 1197 884 1259 ceciderunt.
979 1197 1123 1258 Hoc
1178 1197 1579 1276 principium
1635 1198 1833 1258 simul
1891 1215 2222 1279 omenque
2283 1198 2436 1260 belli
2480 1204 2575 1286 ,ιι-ξ

481 1313 783 1358 summae
839 1313 1062 1358 rerum
1123 1314 1514 1375 prosperum
1594 1304 1916 1359 eventum
1977 1298 2077 1360 ita
2150 1298 2335 1360 haud
2412 1315 2573 1360 sane

481 1395 903 1458 incruentam
933 1396 1378 1475 ancipitisque
1412 1397 1802 1458 certaminis
1830 1397 2191 1459 victoriam
2244 1398 2575 1460 Romanis

488 1496 855 1574 portendit.

413 1599 448 1652 5
661 1596 756 1688 Et
788 1613 858 1657 re
892 1595 992 1657 ita
1025 1602 1217 1673 gesta
1251 1595 1340 1657 ad
1374 1601 1746 1676 utrumque
1785 1597 2025 1658 ducem
2059 1597 2164 1659 sui
2198 1598 2573 1675 redierunt,

484 1713 609 1758 nec
655 1695 949 1774 Scipioni
991 1701 1172 1757 stare
1216 1695 1559 1757 sententia
1604 1702 1897 1774 poterat,
1941 1696 2071 1758 nisi
2112 1702 2194 1758 ut
2235 1715 2316 1759 ex
2359 1697 2575 1758 consi-

412 1803 450 1854 6
484 1797 591 1858 liis
631 1795 1023 1875 coeptisque
1063 1794 1279 1856 hostis
1318 1801 1389 1856 et
1428 1795 1571 1873 ipse
1612 1802 1898 1858 conatus
1937 1803 2233 1878 caperet,
2275 1803 2347 1859 et
2389 1798 2576 1859 Han-

486 1896 785 1957 nibalem
807 1895 1168 1973 incertum,
1190 1900 1429 1956 utrum
1451 1901 1773 1974 coeptum
1794 1895 1866 1955 in
1892 1895 2167 1957 Italiam
2190 1896 2261 1956 in
2271 1897 2579 1980 tendere-t

487 1997 617 2058 iter
653 2013 744 2058 an
781 2014 937 2057 cum
973 2012 1076 2075 e0,
1119 1995 1234 2074 qui
1274 1995 1531 2073 primus
1568 2012 1637 2056 se
1678 1995 2039 2057 obtulisset
2081 1998 2432 2058 Romanus
2469 2013 2578 2058 ex-

488 2097 762 2174 ercitus,
788 2113 1032 2157 manus
1059 2101 1461 2180 queteret,
1488 2094 1745 2156 avertit
1770 2114 1812 2157 a
1842 2096 2181 2174 praesenti
2208 2096 2579 2158 certamine

493 2197 815 2258 Boiorum
850 2197 1233 2274 legatorum
1268 2195 1617 2274 regulique
1657 2196 1906 2273 Magali
1943 2196 2311 2276 adventus,
2356 2197 2470 2276 qui
2509 2214 2580 2258 se

493 2298 694 2359 duces
724 2296 1070 2375 itinerum,
1101 2295 1316 2358 socios
1345 2295 1622 2374 periculi
1651 2295 1797 2357 fore
1836 2296 2281 2358 adfirmantes
2312 2295 2579 2374 integro

493 2397 666 2458 bello
705 2413 1047 2475 nusquam
1087 2401 1247 2457 ante
1289 2394 1521 2457 libatis
1565 2394 1822 2456 viribus
1866 2379 2143 2457 Italiam
2181 2395 2579 2474 adgredien-

373 2506 451 2559 *7
495 2497 652 2558 dam
681 2502 980 2576 censent.
1074 2495 1446 2557 Multitudo
1483 2494 1773 2556 timebat
1808 2494 2082 2574 quidem
2110 2495 2382 2557 hostem
2412 2512 2578 2556 non-

496 2597 656 2658 dum
709 2597 1107 2678 oblitterata
1160 2595 1486 2656 memoria
1539 2595 1903 2672 superioris
1959 2595 2138 2672 belli,
2192 2595 2311 2656 sed
2363 2595 2581 2672 magis

489 2697 620 2759 iter
659 2696 1068 2757 immensum
1113 2695 1471 2773 Alpesque,
1515 2710 1659 2754 rem
1697 2695 1885 2756 fama
1926 2695 2167 2774 utique
2210 2694 2582 2774 inexpertis

493 2796 922 2873 horrendam,
972 2795 1347 2856 metuebat.

319 2895 462 3013 s}
672 2895 976 2958 XXXII.
1029 2897 1102 2957 P.
1127 2893 1471 2955 Cornelius
1495 2895 1729 2954 consul
1757 2895 1981 2956 triduo
2001 2895 2143 2957 fere
2169 2901 2346 2974 post,
2377 2913 2582 2975 quam

541 3097 587 3140 2.
642 3094 774 3140 huic
796 3093 943 3138 alae:
974 3091 1146 3133 dative
1171 3091 1296 3132 with
1327 3098 1485 3130 occur·
1640 3090 1685 3133 5.
1740 3088 1814 3133 ad
1848 3091 2146 3142 utrumque
2184 3089 2414 3136 su12=ad
2446 3101 2582 3133 ouum

490 3163 618 3203 runc.
675 3163 827 3206 ante:
860 3170 940 3201 see
956 3161 1018 3200 26.
1044 3160 1082 3200 5.
1587 3155 1747 3196 ducem
1762 3157 1950 3207 utrique
1967 3158 2219 3198 redierunt.
2260 3159 2582 3210 Anexample

541 3230 588 3273 3.
642 3229 902 3273 vulnera:
935 3241 974 3260 =
1003 3223 1292 3265 vulneratos.
1357 3232 1482 3268 cae·
1585 3224 1639 3262 ot
1651 3224 1932 3275 hypallage.
1961 3233 2062 3269 nec
2077 3223 2349 3276 scipioni.
2367 3227 2580 3277 ..pot0-

491 3295 609 3340 des:
633 3297 750 3336 “the
765 3295 980 3334 number
997 3294 1050 3332 ot
1071 3293 1156 3332 the
1168 3291 1344 3332 dead.”
1389 3289 1482 3334 ad:
1585 3289 1700 3332 rat:
1740 3289 1942 3342 “Scipio
1976 3292 2125 3333 could
2168 3295 2260 3332 not
2305 3293 2439 3333 torm
2481 3301 2581 3342 any

494 3363 730 3404 “about'’
776 3359 1040 3411 amplius:
1061 3358 1106 3400 is
1120 3359 1240 3399 used
1261 3357 1483 3399 adverbi-
1586 3357 1758 3408 plan.'’

493 3431 595 3479 ally
614 3429 712 3470 and
732 3437 788 3469 so
807 3428 926 3468 does
956 3430 1048 3467 not.
1076 3426 1223 3466 affeci:
1253 3425 1339 3465 the
1369 3431 1485 3465 case
1637 3424 1683 3467 e.
1736 3433 1820 3468 θοι
1847 3434 1912 3466 sc.
1943 3424 2162 3465 emer-citu.
2220 3423 2581 3469 “vernt-ad-

491 3496 547 3537 οἱ
563 3493 762 3536 ducenti.
1585 3491 1810 3535 ventus:
1864 3493 2068 3542 change
2098 3496 2153 3532 to
2181 3493 2265 3532 the
2290 3491 2491 3542 passive
2527 3491 2581 3530 in

541 3564 590 3606 4.
664 3559 1044 3611 ancipitisque
1131 3557 1481 3602 certaminis:
1588 3558 1908 3599 translation.
1948 3566 2225 3609 nusquam
2245 3589 2256 3602 .
2276 3589 2287 3602 .
2307 3589 2318 3600 .
2340 3557 2580 3601 viribus:

491 3631 620 3671 “but
653 3631 707 3669 ot
739 3628 975 3668 doubtful
992 3626 1176 3666 issue.”
1229 3625 1332 3665 The
1351 3625 1485 3674 geni·
1586 3626 1841 3690 “without
1866 3625 2173 3675 dissipating
2192 3624 2327 3665 their
2344 3625 2581 3674 strength

492 3697 598 3739 tivo
610 3695 859 3736 describes
870 3693 1119 3734 victoriam
1133 3693 1243 3742 Just
1261 3701 1318 3732 as
1332 3693 1484 3732 much
1588 3693 1756 3733 before
1770 3692 2012 3741 reaching
2024 3691 2170 3741 Italy.
2180 3692 2207 3710 ’‘

492 3773 550 3806 as
583 3765 703 3804 does
747 3763 832 3802 the
877 3760 1126 3810 adjective
1167 3759 1479 3800 incruentam.
1638 3760 1683 3802 7.
1741 3758 1852 3802 iter
1919 3757 2215 3808 Alpesque:
2287 3755 2580 3812 hendiadys.

494 3831 586 3875 See
603 3829 956 3872 Introduction
977 3827 1112 3868 VIII.
1134 3827 1172 3867 8.
1586 3824 1803 3876 utique:
1824 3827 1908 3867 “at
1934 3825 2110 3866 least.··
2142 3877 2149 3882 ἡ

2613 1189 2899 1276 gorm&
