2967 4384
499 247 608 302 146
1436 245 1501 301 r.
1538 245 1704 302 Lm
2360 242 2498 312 [xm.
2526 243 2597 298 21

504 418 841 498 publicam
874 425 938 481 et
971 419 1390 482 maiestatem
1422 419 1706 498 imperii,
1747 435 1914 498 quae
1949 424 2097 480 tum
2127 417 2199 479 in
2230 423 2348 480 tuo
2384 416 2598 496 capite

393 522 464 573 22
502 518 1068 596 periclitabantur,
1156 519 1565 581 commisisti.
1655 521 1796 597 Ego
1881 518 1954 581 P.
2042 517 2421 580 Cornelium
2505 517 2599 577 rei

501 618 804 698 publicae
846 617 1194 697 nobisque,
1237 636 1372 680 non
1412 619 1540 680 sibi
1578 619 1705 698 ipsi
1750 618 2064 698 privatim
2104 624 2403 680 creatum
2442 635 2599 678 con-

496 719 711 780 sulem
753 719 1077 796 existim0‚
1123 719 1577 798 exercitusque
1620 720 1708 781 ad
1752 719 2128 781 custodiam
2166 718 2353 780 urbis
2395 725 2596 795 atque

495 817 727 880 Italiae
761 819 1042 898 scriptos
1073 837 1236 897 esse,
1270 837 1406 880 non
1443 837 1607 898 quos
1638 819 1817 899 regio
1849 837 2033 881 more
2069 837 2185 899 per
2214 817 2599 898 superbiam

499 919 822 996 consuleS,
868 937 998 998 quo
1032 924 1364 981 terrarum
1401 919 1630 998 velint,
1668 919 2023 981 traiciant!

433 1027 466 1077 1
669 1019 902 1080 XLIII.
951 1019 1121 1080 Cum
1191 1018 1490 1080 oratione
1558 1019 1649 1080 ad
1715 1025 1979 1098 tempus
2051 1025 2285 1098 parata
2353 1017 2598 1080 Fabius

496 1124 644 1179 tum
679 1117 1074 1180 auctoritate
1115 1125 1179 1180 et
1215 1118 1590 1181 inveterata
1630 1119 2017 1198 prudentiae
2057 1119 2244 1181 fama
2280 1129 2598 1197 magnam

500 1224 758 1296 partem
829 1223 1099 1280 senatus
1172 1224 1236 1279 et
1307 1217 1597 1280 seniores
1668 1218 1955 1280 maxime
2029 1236 2184 1281 cum
2254 1218 2595 1295 movisset,

500 1319 717 1396 plures
726 1335 850 1396 que
905 1317 1257 1379 consilium
1309 1317 1483 1379 senis
1543 1335 1746 1396 quam
1798 1318 2101 1379 animum
2153 1317 2595 1380 adulescentis

427 1420 463 1472 2
496 1416 787 1478 ferocem
827 1417 1202 1496 laudarent,
1247 1416 1464 1496 Scipio
1509 1417 1604 1479 ita
1646 1420 1907 1479 locutus
1949 1418 2186 1480 fertur:
2304 1416 2411 1479 ‘Et
2453 1417 2595 1496 ipse

496 1516 570 1596 Q.
629 1516 873 1578 Fabius
932 1516 1254 1594 principio
1310 1516 1649 1594 orationis,
1709 1523 1927 1595 patres
1981 1516 2359 1596 conscripti,
2417 1533 2599 1578 com-

493 1616 894 1678 memoravit
973 1616 1044 1676 in
1121 1616 1450 1678 sententia
1528 1634 1652 1678 sua
1753 1634 1942 1695 posse
2041 1617 2592 1679 obtrectationem

423 1726 459 1777 3
494 1723 877 1794 suspectam
941 1734 1110 1793 esse3
1173 1715 1362 1778 cuius
1425 1733 1547 1796 ego
1613 1715 1708 1777 rei
1770 1733 1908 1777 non
1969 1723 2111 1778 tam
2172 1716 2313 1795 ipse
2378 1715 2597 1777 ausim

493 1822 759 1878 tantum
805 1816 1027 1877 virum
1072 1816 1477 1894 insimulare,
1531 1832 1733 1894 quam
1778 1833 1857 1878 ea
1902 1816 2212 1896 suspicio,
2249 1815 2412 1879 vitio
2449 1835 2597 1877 ora-

422 1927 458 1980 5
493 1915 693 1977 tionis
751 1933 838 1976 an
895 1914 1010 1992 rei,
1068 1916 1254 1976 haud
1309 1933 1468 1976 sane
1530 1921 1811 1995 purgata
1869 1922 1986 1978 est.
2077 1914 2180 1977 Sic
2242 1933 2471 1977 senem
2525 1934 2595 1977 se

498 2015 1054 2095 perfunctumque
1088 2020 1152 2077 et
1184 2033 1290 2076 me
1323 2014 1499 2076 infra
1530 2021 1820 2078 aetatem
1850 2016 1946 2076 fili
1977 2016 2181 2079 etiam
2212 2016 2315 2077 sui
2353 2015 2593 2094 posuit,

492 2120 636 2175 tam
644 2132 847 2193 quam
891 2132 1028 2176 non
1071 2114 1354 2194 longiuS,
1408 2131 1611 2192 quam
1661 2121 1989 2193 quantum
2033 2115 2211 2178 vitae
2257 2116 2593 2177 humanae

494 2214 791 2293 spatium
846 2221 966 2291 est,
1025 2214 1356 2294 cupiditas
1413 2213 1659 2294 gloriae
1717 2214 2110 2277 extendatur
2166 2215 2593 2293 maximaque

396 2375 398 2378 ,
497 2332 648 2392 pars
717 2314 856 2376 eius
923 2314 993 2374 in
1061 2314 1455 2376 memoriam
1523 2332 1600 2376 ac
1674 2315 2127 2393 posteritatem
2197 2314 2590 2394 promineat.

423 2421 460 2472 6
495 2414 789 2476 Maximo
832 2414 1071 2493 cuique
1111 2413 1182 2475 id
1224 2413 1521 2475 accidere
1563 2414 1790 2476 animo
1832 2422 2087 2478 certum
2125 2407 2366 2492 habe0‚
2408 2420 2483 2475 ut
2524 2432 2594 2474 se

494 2532 631 2576 non
671 2531 826 2576 cum
868 2513 1324 2593 praesentibus
1363 2515 1565 2575 modo
1606 2516 1723 2576 sed
1763 2533 1918 2576 cum
1956 2515 2171 2577 omnis
2210 2514 2363 2577 aevi
2401 2513 2593 2576 claris

421 2624 456 2676 7
494 2614 653 2677 viris
715 2619 1124 2694 comparent.
1192 2603 1548 2691 ‘Equidem
1604 2614 1790 2676 haud
1853 2615 2192 2678 dissimulo
2252 2628 2360 2676 me
2417 2619 2591 2691 tuaS‚

495 2714 569 2794 Q.
621 2714 808 2791 Fabi,
858 2716 1090 2777 laudes
1139 2731 1276 2776 non
1325 2713 1604 2792 adsequi
1653 2715 1871 2776 solum
1920 2717 2109 2793 velle,
2160 2716 2279 2778 sed
2306 2749 2388 2757 —
2417 2710 2593 2775 bona

496 2813 693 2876 venia
765 2821 884 2876 tua
962 2813 1238 2876 dixerim
1263 2849 1367 2893 —,
1442 2813 1499 2875 si
1577 2815 1844 2893 possim,
1898 2814 2101 2877 etiam
2174 2832 2587 2893 exsuperare.

423 2926 460 2978 8
493 2914 671 2976 Illud
709 2932 830 2976 nec
871 2913 993 2976 tibi
1032 2914 1104 2974 in
1143 2932 1249 2975 me
1290 2931 1411 2975 nec
1452 2911 1618 2972 mihi
1658 2913 1729 2974 in
1768 2914 2137 2976 minoribus
2176 2921 2342 2977 natu
2382 2913 2591 2975 animi

495 3014 601 3091 sit,
675 3019 750 3076 ut
823 3014 1110 3076 nolimus
1189 3029 1598 3092 quemquam
1670 3015 1877 3076 nostri
1950 3015 2236 3076 similem
2307 3015 2589 3076 evadere

495 3113 736 3190 civem3
779 3113 850 3175 id
893 3114 1072 3176 enim
1115 3131 1251 3175 non
1295 3129 1530 3175 eorum
1574 3114 1797 3191 modo,
1848 3114 2087 3193 quibus
2128 3112 2589 3189 inviderimuS‚

545 3327 624 3372 22.
679 3326 981 3371 terrarum:
1003 3326 1247 3378 partitive
1270 3325 1496 3377 genitive
1593 3326 1699 3369 rei:
1735 3326 2010 3368 :incertum
2038 3327 2106 3368 eet
2137 3327 2297 3367 utrum
2312 3325 2426 3366 vitio
2446 3325 2590 3366 orati-

496 3393 624 3434 with
654 3400 769 3445 quo,·
788 3396 876 3433 “to
901 3395 1155 3434 whatever
1183 3397 1302 3444 part
1327 3394 1382 3434 oi
1411 3393 1497 3434 the
1591 3393 1701 3434 onis
1720 3402 1785 3433 an
1802 3394 1891 3433 rei.

502 3459 709 3500 world.”
755 3459 996 3500 Portions
1007 3460 1306 3502 otF'abius’s
1317 3461 1495 3510 speech
1643 3462 1688 3503 ⁶.
1742 3460 2225 3511 perfunctumque:
2278 3470 2344 3501 sc.
2390 3458 2586 3502 honori·

499 3528 629 3567 have
663 3527 788 3566 been
829 3526 1059 3573 omitted,
1095 3528 1189 3567 but
1225 3529 1312 3567 the
1353 3527 1496 3567 main
1590 3526 1687 3567 bus.
1742 3527 1953 3577 posuit:
1974 3528 2376 3578 “represented‘'

497 3598 768 3641 argument
786 3594 878 3632 has
898 3594 1020 3632 been
1039 3595 1316 3644 preserved.
1641 3595 1687 3638 6.
1741 3594 1982 3637 maximo
2010 3595 2211 3646 cuique
2240 3624 2252 3637 .
2284 3624 2297 3636 .
2330 3623 2342 3637 .
2373 3592 2581 3637 animo:

497 3657 841 3702 XL111.1-16.
860 3658 1044 3702 XLIV.
1064 3658 1492 3710 Scipio‘sReply.
1592 3659 1727 3700 “this
1762 3661 1807 3701 is
1843 3662 1929 3700 the
1969 3661 2190 3710 thought
2233 3661 2288 3701 ot
2330 3660 2399 3700 all
2442 3662 2589 3709 great

547 3726 592 3768 1.
649 3733 772 3768 eum
803 3724 1080 3769 oratione:
1101 3726 1266 3766 cumis
1284 3728 1494 3767 correla-
1589 3729 1761 3767 men.“

506 3791 612 3832 tive
628 3791 753 3831 with
774 3792 882 3830 tum·
1640 3795 1686 3837 7.
1745 3792 2003 3836 dixerim:
2034 3791 2358 3840 subjunctive
2375 3792 2429 3832 oi'
2453 3791 2587 3832 ideal

544 3857 590 3901 8.
647 3857 850 3900 ausim:
876 3866 1064 3898 :ausus
1079 3857 1180 3898 eim.
1241 3859 1383 3904 vitio
1407 3889 1416 3901 .
1440 3891 1451 3903 .
1477 3891 1489 3903 .
1589 3860 1841 3909 certainty
1860 3859 1913 3899 in
1932 3869 1963 3899 a.
1981 3860 2209 3900 sottened
2228 3858 2494 3900 assez-tion.
