2967 4384
321 79 328 85 ,
1265 0 1489 83 Ῡ-ισῤ
1577 22 1627 116 &Q
1666 39 1686 68 x
1724 7 1803 64 >2
1845 0 1899 68 :5
1998 0 2070 68 Le.
2178 0 2251 92 lxv-¹
2295 0 2342 60 3
2383 0 2424 49 ‘4

329 95 543 190 ‚tm

338 251 495 305 xxiii.
522 249 584 316 4]
1187 246 1416 301 LIBER
1449 246 1597 298 XXI
2363 249 2433 302 25

507 420 719 482 XXII.
764 419 863 481 Ab
887 417 1175 480 Gadibus
1205 417 1677 495 Carthaginem
1700 417 1784 478 ad
1805 416 2083 479 hiberna
2110 419 2431 482 exercitus
2466 435 2498 484 1

339 521 538 600 redit;
602 527 803 601 atque
859 519 1008 580 inde
1038 518 1370 597 profectus
1419 523 1679 596 praeter
1724 518 2022 580 Onusam
2066 517 2298 580 urbem
2351 521 2434 582 ad

339 623 662 684 Hiberum
713 637 828 698 per
855 618 1290 715 maritcug‘nam
1345 635 1534 678 oram
1582 616 1783 678 ducit.
1869 616 1968 678 Ibi
1999 618 2187 679 fama
2215 625 2314 680 est
2364 622 2434 682 in
2468 637 2503 688 6

345 723 559 803 quiete
588 721 809 783 visum
841 719 923 780 ab
953 736 1031 779 eo
1053 717 1362 779 iuvenem
1390 717 1616 778 divina
1643 717 1876 796 specie,
1915 719 2026 798 qui
2064 737 2132 780 se
2166 722 2249 782 ab
2279 723 2433 783 Iove

339 823 581 884 diceret
618 822 855 883 ducem
883 820 954 880 in
983 818 1250 880 Italiam
1276 816 1638 878 Hannibali
1676 817 1988 882 missum:
2031 821 2299 899 proinde
2332 840 2434 884 se-

339 928 648 1004 queretur
677 938 886 999 neque
911 936 1196 999 usquam
1218 935 1260 978 a
1286 935 1354 978 se
1377 917 1749 979 deflecteret
1774 919 2019 982 oculos.
2111 921 2435 984 Pavidum
2466 930 2502 982 7

337 1023 549 1102 primo
580 1037 917 1104 nusquam
947 1018 1577 1096 circumspicientem
1609 1024 1725 1079 aut
1762 1021 2217 1099 respicientem
2246 1041 2433 1085 secu-

338 1129 519 1200 tum3
557 1122 786 1183 deinde
818 1137 980 1181 cura
1010 1117 1257 1196 ingenii
1285 1117 1567 1180 humani
1598 1136 1774 1198 cum,
1798 1121 2118 1199 quidnam
2145 1123 2212 1183 id
2242 1127 2432 1200 esset,

339 1223 515 1302 quod
563 1222 877 1300 respicere
930 1219 1174 1281 vetitus
1222 1223 1411 1296 esset,
1463 1219 1745 1297 agitaret
1790 1221 2038 1299 animo,
2070 1228 2433 1301 temperare

341 1323 549 1385 oculis
593 1339 675 1383 ne
684 1321 1001 1399 quivisse3
1039 1324 1184 1379 tum
1232 1318 1469 1379 vidisse
1500 1325 1647 1396 post
1692 1339 1832 1383 sese
1865 1327 2236 1400 serpentem
2263 1323 2436 1383 mira
2466 1332 2503 1384 8

341 1416 792 1495 magnitudine
825 1432 980 1476 cum
1009 1414 1257 1492 ingenti
1303 1412 1616 1473 arborum
1646 1432 1722 1475 ac
1750 1415 2189 1494 virg-ultorum
2217 1421 2432 1494 strage

340 1510 518 1587 ferri,
551 1527 627 1570 ac
672 1515 819 1587 post
858 1509 1117 1586 insequi
1147 1524 1302 1569 cum
1339 1507 1601 1584 fragore
1625 1508 1790 1569 caeli
1828 1509 2149 1570 nimbum.
2240 1509 2433 1586 Tum,
2466 1519 2503 1570 9

347 1625 514 1686 quae
544 1609 752 1670 moles
781 1626 861 1669 ea
894 1609 1127 1686 quidve
1156 1605 1432 1684 prodigii
1461 1612 1652 1684 esset,
1696 1614 2122 1684 quaerentem
2154 1609 2434 1686 audisse,

340 1709 721 1771 vastitatem
741 1708 971 1769 Italiae
995 1723 1167 1768 esse:
1209 1711 1502 1784 pergeret
1530 1723 1723 1783 porro
1745 1707 1838 1767 ire
1866 1725 1986 1769 nec
2017 1709 2193 1770 ultra
2212 1709 2435 1787 inqui·-

342 1825 447 1870 rer
486 1813 513 1868 t
540 1807 911 1885 sineretque
941 1807 1086 1868 fata
1117 1806 1188 1865 in
1218 1804 1475 1866 occulto
1508 1821 1666 1867 esse.
2421 1805 2469 1852 L-

330 1826 482 1970 X)
512 1905 756 1968 XXIII.
803 1907 948 1968 Hoc
994 1905 1142 1967 visu
1188 1905 1401 1965 laetus
1453 1903 1780 1982 tripertito
1832 1905 2158 1969 Hiberum
2212 1909 2435 1989 copias
2469 1921 2503 1971 1.

343 2006 601 2068 traiecit
630 2005 1026 2092 praemissiS‚
1045 2004 1178 2095 Q
1212 2003 1557 2064 Gallorum
1601 2004 1881 2085 animos,
1918 2024 2057 2091 qua
2083 2009 2435 2070 traducen-

345 2107 467 2168 dus
497 2105 818 2167 exercitus
847 2110 1008 2183 erat,
1033 2104 1219 2166 donis
1242 2102 1664 2164 conciliarent
1692 2105 2088 2191 Alpiumque
2118 2109 2438 2170 transitus

345 2205 858 2284 specularentur.
922 2204 1299 2283 Nonaginta
1325 2203 1512 2264 milia
1538 2204 1855 2285 peditum,
1878 2207 2224 2269 duodecim
2252 2208 2439 2269 milia

347 2306 651 2385 equitum
678 2303 1001 2394 Hiberum
1027 2303 1337 2365 traduxit.
1427 2303 1739 2382 Ilergetes
1768 2306 1919 2367 inde
1950 2307 2437 2386 Bargusiosque
2472 2313 2509 2364 2

348 2411 413 2467 et
468 2405 838 2466 Ausetanos
871 2389 978 2466 ‘e't'
1013 2403 1460 2483 Lacetaniam,
1516 2422 1683 2483 quae
1742 2406 2036 2469 subiecta
2089 2407 2441 2486 Pyrenaeis

347 2505 683 2567 montibus
713 2510 833 2580 est,
868 2503 1123 2582 subegit
1158 2520 1443 2581 oraeque
1480 2504 1636 2566 huic
1684 2507 1866 2566 omni
1907 2507 2222 2584 praefecit
2250 2508 2440 2569 Han-

347 2623 614 2683 nonem,
639 2635 642 2640 ·
672 2609 746 2666 ut
799 2604 1049 2682 fauces,
1111 2620 1277 2683 quae
1335 2604 1693 2682 Hispanias
1743 2604 1971 2666 Galliis
2016 2606 2321 2686 iungunt,
2344 2678 2350 2683 ,
2371 2607 2442 2666 in

348 2709 670 2783 potestate
731 2708 966 2766 essent.
1084 2703 1330 2764 Decem
1386 2704 1575 2765 milia
1629 2705 1926 2782 peditum
1982 2705 2299 2767 Hannoni
2360 2706 2442 2767 ad
2476 2717 2513 2768 3

349 2804 748 2884 praesidium
806 2803 1194 2864 obtinendae
1253 2802 1540 2886 regionis
1596 2802 1754 2865 data
1809 2809 1874 2864 et
1933 2805 2111 2866 mille
2166 2806 2442 2883 equites,

350 2904 716 2981 Postquam
766 2920 881 2982 per
925 2903 1337 2982 Pyrenaeum
1375 2904 1624 2965 saltum
1671 2904 1929 2966 traduci
1975 2907 2296 2968 exercitus
2348 2912 2447 2968 est
2481 2919 2518 2970 4

353 3009 620 3082 coeptus
649 3019 1008 3080 rumorque
1040 3020 1156 3081 per
1194 3002 1507 3064 barbaros
1543 3004 1841 3065 manavit
1886 3005 2125 3066 certior
2162 3005 2241 3067 de
2275 3005 2445 3066 bello

403 3165 565 3208 XXII.
620 3167 666 3210 1.
721 3164 1024 3210 exercitus:
1052 3165 1289 3218 genitive.
1502 3167 1549 3210 9.
1604 3165 1869 3220 prodigii:
1894 3168 1897 3171 '
1927 3168 2173 3219 partitive
2228 3169 2451 3220 genitive

405 3234 452 3278 6.
507 3232 718 3284 quiete:
786 3234 1002 3284 “sleep.'’
1106 3234 1352 3284 Compare
1452 3233 1579 3274 with
1598 3234 1728 3283 quid.
1775 3235 1885 3276 “Its
1903 3236 2142 3286 meaning
2160 3245 2216 3276 as
2235 3247 2265 3278 a
2282 3236 2453 3276 divine

355 3299 570 3341 Cicero’s
598 3303 814 3341 account
843 3301 896 3340 ot
913 3301 999 3340 the
1015 3299 1181 3340 vision
1207 3299 1262 3340 in
1281 3301 1353 3340 De
1451 3300 1889 3342 manitestation.”
1989 3302 2251 3354 pergeret.
2342 3302 2451 3347 11⁸0:

357 3367 467 3408 Div.
487 3367 526 3408 1.
546 3367 608 3407 24.
675 3366 1025 3418 sequeretur:
1066 3370 1354 3418 represents
1456 3368 1671 3408 “hasten
1686 3369 1803 3410 on.”
1854 3375 1976 3412 nee:
2004 3371 2066 3409 ct.
2086 3377 2245 3419 neque,
2267 3369 2339 3418 556.

357 3441 425 3474 an
480 3431 704 3484 original
759 3431 1073 3482 imperative.
1151 3440 1352 3484 neque:
1505 3433 1692 3476 XXIII.
1724 3435 1792 3479 ,1.
1848 3433 2130 3479 Hiberum:
2153 3437 2237 3474 the
2256 3446 2455 3476 accusa·

357 3498 479 3541 used
496 3500 578 3540 tor
601 3507 729 3545 neve,
753 3508 811 3539 as
830 3499 1118 3550 frequently
1134 3499 1190 3540 in
1208 3499 1350 3548 Livy.
1455 3499 1561 3540 tive
1578 3499 1623 3540 is
1638 3502 1889 3550 governed
1908 3502 1973 3551 by
1988 3502 2073 3542 the
2090 3503 2457 3552 prepositional

407 3567 452 3611 7.
509 3573 646 3610 eura
681 3563 897 3616 ingenii
927 3564 1179 3609 numani:
1216 3568 1357 3606 “nat-
1455 3569 1574 3618 part
1590 3568 1643 3607 ot
1662 3567 1863 3607 traiecit.

359 3633 472 3674 urai
511 3631 808 3682 curiosity.”
865 3629 1126 3672 Curioeitae
1169 3631 1214 3672 is
1254 3632 1356 3672 late
1509 3635 1555 3677 2.
1609 3632 1933 3683 Hispanias:
1973 3635 2103 3685 Livy
2139 3635 2183 3675 is
2218 3635 2456 3686 thinking
2488 3671 2492 3674 .

360 3699 527 3740 Latin.
1457 3701 1512 3740 ot
1531 3701 1616 3740 the
1647 3701 1777 3740 later
1802 3701 2051 3742 divisions
2079 3703 2132 3742 ot
2160 3702 2319 3752 Spain
2355 3703 2454 3742 and

411 3767 457 3810 8.
509 3763 670 3809 ferri:
715 3765 902 3806 middle
944 3765 1100 3812 voice,
1139 3766 1357 3816 “rolling
1459 3768 1603 3807 Gaul.

362 3832 559 3884 along.”
1511 3836 1558 3878 4.
1615 3834 1843 3884 coeptus
1860 3834 1964 3877 est:
1989 3837 2072 3874 the
2094 3836 2230 3876 voice
2250 3837 2303 3877 of
2320 3835 2455 3883 coepi
