2967 4384
401 245 480 297 ix.
509 244 602 310 10]
1219 241 1451 296 LmzR.
1484 242 1652 297 XXV
2422 244 2495 298 99

402 415 518 478 IX.
566 414 874 477 Ceterum
918 421 1276 495 postquam
1317 416 1680 477 Tarentum
1721 415 1814 478 ire
1858 415 2220 495 constituit,
2269 418 2496 478 decem
2531 432 2565 484 i

406 515 678 578 milibus
715 515 1015 595 peditum
1058 521 1261 594 atque
1307 516 1632 594 equitum,
1684 533 1849 594 quos
1892 517 1962 576 in
2009 534 2171 596 expe
2180 517 2497 579 ditionem

405 617 755 681 velocitate
787 634 1142 695 corporum
1171 635 1249 678 ac
1279 617 1551 679 levitate
1581 635 1923 679 armorum
1951 619 2327 698 aptissimos
2359 637 2498 680 esse

403 724 588 779 ratus
627 723 747 796 est,
787 718 1008 780 electis
1051 724 1288 796 quarta
1326 717 1553 798 vigilia
1588 718 1801 780 noctis
1837 719 2026 798 signa
2062 719 2274 782 movit
2314 738 2501 799 prae-

403 818 755 897 missisque
811 819 1148 898 octoginta
1202 818 1338 881 fere
1393 819 1695 880 Numidis
1751 819 2086 898 equitibus
2144 820 2498 899 praecepit,

403 925 480 981 ut
525 919 961 981 discurrerent
986 919 1160 980 circa
1192 918 1335 981 vias
1373 919 1973 999 perlustrarentque
2005 920 2231 983 omnia
2270 921 2498 997 oculis,
2533 926 2569 978 2

405 1037 491 1081 ne
559 1019 704 1098 quis
767 1019 1128 1099 agrestium
1193 1020 1420 1097 procul
1483 1024 1816 1099 spectator
1876 1019 2160 1100 agminis
2211 1020 2502 1098 falleret3
2578 1029 2590 1043 ·

409 1137 826 1200 praegressos
849 1119 1280 1197 retraherent,
1307 1104 1543 1181 obvios
1568 1120 1961 1198 occiderent,
1986 1127 2061 1182 ut
2088 1121 2502 1199 praedonum
2532 1130 2569 1182 3

405 1220 619 1299 magis
656 1236 860 1297 quam
891 1218 1212 1280 exercitus
1243 1219 1484 1280 accolis
1516 1219 1766 1298 species
1798 1225 1985 1282 esset.
2076 1221 2224 1299 Ipse
2256 1220 2502 1300 raptim

408 1319 673 1398 agmine
717 1324 868 1381 acto
918 1319 1296 1397 quindecim
1339 1319 1547 1380 ferme
1590 1319 1851 1380 milium
1895 1320 2109 1398 spatio
2154 1326 2371 1383 castra
2414 1320 2502 1382 ab

408 1421 692 1481 Tarento
734 1417 952 1498 posuit
989 1424 1053 1480 et
1089 1436 1172 1480 ne
1211 1418 1304 1479 ibi
1346 1419 1616 1496 quidem
1656 1419 2065 1498 denuntiato,
2109 1437 2238 1500 quo
2278 1439 2505 1501 perge·
2535 1440 2576 1491 4

409 1525 578 1598 rent,
610 1524 878 1580 tantum
909 1525 1310 1581 convocatos
1341 1518 1584 1581 milites
1615 1519 1897 1598 monuit,
1932 1520 2042 1582 via
2074 1537 2304 1583 omnes
2334 1520 2505 1582 irent

411 1638 531 1682 nec
586 1619 837 1681 deverti
890 1630 1297 1698 quemquam
1345 1624 1462 1680 aut
1513 1620 1822 1681 excedere
1873 1620 2175 1682 ordinem
2222 1620 2506 1700 agminis

415 1725 797 1799 paterentur
846 1723 911 1792 et
962 1718 1032 1778 in
1087 1718 1313 1797 primis
1363 1717 1602 1780 intenti
1652 1719 1739 1781 ad
1790 1719 2069 1805 imperia
2120 1720 2506 1799 accipienda

413 1824 629 1882 essent
672 1836 805 1879 neu
853 1819 1012 1896 quid
1055 1818 1183 1879 nisi
1231 1818 1477 1880 ducum
1520 1819 1704 1881 iussu
1748 1819 2073 1897 facerent3
2116 1838 2184 1881 se
2229 1820 2299 1881 in
2342 1826 2510 1882 tem-

412 1935 568 1998 pore
637 1916 993 1993 editurum,
1057 1935 1224 1996 quae
1283 1919 1482 1980 vellet
1545 1919 1673 1998 agi.
1773 1919 2022 1981 Eadem
2077 1920 2283 1982 ferme
2341 1920 2509 1981 hora
2541 1932 2577 1985 5

413 2021 776 2081 Tarentum
841 2018 1026 2080 fama
1094 2024 1527 2098 praevenerat
1591 2018 1913 2080 Numidas
1998 2020 2250 2098 equites
2343 2036 2508 2099 pau-

416 2137 528 2181 cos
568 2119 872 2199 populari
907 2135 1100 2198 agros
1135 2124 1586 2198 terroremque
1619 2119 1750 2181 late
1787 2121 2154 2199 agrestibus
2189 2121 2506 2183 iniecisse.

415 2220 518 2280 Ad
550 2236 748 2297 quem
771 2219 1085 2279 nuntium
1108 2218 1273 2279 nihil
1297 2220 1472 2281 ultra
1498 2225 1719 2280 motus
1750 2220 2117 2299 praefectus
2142 2221 2508 2298 Romanus,
2542 2226 2579 2278 6

423 2337 626 2399 quam
657 2324 733 2380 ut
769 2325 1026 2398 partem
1059 2319 1362 2397 equitum
1396 2325 1657 2398 postero
1696 2320 1796 2381 die
1830 2321 1973 2381 luce
2013 2321 2225 2398 prima
2256 2320 2511 2382 iuberet

419 2421 592 2481 exire
615 2419 705 2480 ad
728 2419 1092 2481 arcendum
1120 2419 1662 2498 populationibus
1683 2420 1977 2498 hostem;
2011 2421 2081 2481 in
2105 2426 2319 2482 cetera
2342 2421 2510 2482 adeo
2545 2431 2581 2482 7

419 2519 584 2580 nihil
629 2518 716 2580 ab
764 2536 842 2580 eo
886 2520 1144 2581 intenta
1188 2536 1348 2581 cura
1392 2525 1514 2597 est,
1559 2524 1635 2580 ut
1680 2525 1911 2582 contra
1960 2538 2074 2599 pro
2120 2526 2511 2600 argumento

419 2620 618 2681 fuerit
677 2620 792 2682 illa
855 2619 1264 2700 procursatio
1324 2620 1766 2682 Numidarum
1825 2619 2274 2682 Hannibalem
2334 2639 2515 2682 exer-

421 2721 761 2799 citumque
819 2738 854 2781 e
912 2719 1143 2782 castris
1199 2737 1336 2780 non
1392 2720 1701 2783 movisse.
1792 2719 2131 2783 Hannibal
2190 2719 2513 2782 concubia
2546 2725 2583 2777 8

420 2827 612 2882 nocte
675 2819 907 2882 movit.
999 2822 1150 2880 Dux
1188 2819 1611 2882 Philemenus
1657 2827 1796 2883 erat
1826 2838 1980 2881 cum
2023 2820 2215 2882 solito
2278 2825 2513 2899 captae

422 2919 795 2982 venationis
837 2937 1069 2996 onere3
1113 2919 1312 2981 ceteri
1361 2920 1728 2998 proditores
1776 2939 1877 2999 ea,
1931 2939 2097 2999 quae
2148 2920 2515 3000 composita

421 3027 630 3099 erant,
677 3021 1137 3100 expectabant.
1229 3020 1645 3081 Convenerat
1688 3027 1934 3098 autem,
1978 3026 2052 3081 ut
2093 3021 2515 3082 Philemenus
2546 3026 2583 3077 9

423 3123 686 3201 portula
723 3121 1002 3182 adsueta
1041 3119 1464 3183 venationem
1501 3119 1789 3182 inferens
1825 3126 2117 3182 armatos
2152 3120 2514 3197 induceret,

427 3227 608 3301 parte
679 3219 810 3282 alia
882 3227 1142 3298 portam
1209 3219 1623 3281 Temenitida
1689 3219 1902 3281 adiret
1968 3219 2328 3282 Hannibal.
2418 3222 2517 3280 Ea
2552 3227 2623 3279 10

428 3320 914 3383 mediterranea
969 3320 1148 3399 regio
1207 3325 1304 3381 est
1361 3319 1683 3382 orientem
1758 3326 2086 3398 spectans,
2150 3320 2342 3382 busta
2398 3319 2518 3381 ali-

476 3471 562 3513 Ix.
615 3473 664 3518 2.
723 3469 1009 3524 spectator
1040 3469 1291 3515 falleret:
1315 3472 1416 3510 “se-
1517 3472 1583 3520 by
1603 3470 1688 3511 the
1704 3470 1875 3512 clause
1894 3480 1988 3521 quo
1998 3470 2259 3522 perquem.
2308 3470 2412 3512 For
2431 3471 2518 3513 the

421 3539 580 3590 cretly
623 3540 741 3581 look
775 3548 913 3590 upon
948 3540 1142 3585 them”;
1189 3547 1221 3578 a.
1254 3536 1418 3578 Greek
1515 3539 1756 3588 meaning
1775 3540 1828 3578 ot
1847 3538 2133 3578 denuntiare
2160 3547 2239 3579 see
2256 3539 2318 3577 22.
2340 3537 2405 3577 38.
2426 3537 2463 3578 6.

421 3606 773 3646 construction
807 3605 1088 3655 analogous
1118 3607 1173 3644 to
1207 3605 1293 3644 the
1328 3614 1417 3645 use
1568 3606 1614 3649 7.
1665 3604 1927 3648 movisse:
1957 3604 2189 3656 explains
2212 3603 2512 3655 armamento·

423 3673 477 3712 or
496 3674 581 3713 the
594 3672 863 3723 participle
875 3671 1001 3712 with
1021 3671 1221 3710 λανθάνω
1239 3670 1418 3721 (Good-
1566 3671 1615 3716 8.
1670 3672 1941 3716 concubia
1970 3673 2154 3715 nocte=
2180 3667 2513 3716 monachium,

423 3738 540 3787 πίῃ,
560 3739 723 3780 Greek
740 3739 1025 3782 Grammar.
1046 3738 1180 3787 1586).
1518 3738 1604 3778 the
1622 3738 1763 3788 early
1781 3741 1900 3788 part
1918 3739 1972 3778 oi
1990 3738 2075 3779 the
2092 3738 2254 3789 night.

472 3807 521 3850 4.
567 3804 1159 3850 denuntiatotablative
1172 3803 1415 3850 absolute,
1571 3805 1650 3848 io.
1706 3805 1894 3848 busta:
1931 3805 2099 3845 tombs
2142 3812 2271 3846 were
2312 3801 2516 3853 usually

425 3873 510 3914 the
552 3871 872 3914 substantive
904 3871 1055 3922 being
1096 3871 1418 3924 represented
1521 3871 1680 3912 round
1699 3869 1898 3912 outside
1915 3871 1969 3910 ot
1986 3870 2090 3920 city
2109 3870 2264 3911 walls.
