2967 4384
337 261 479 315 xliv.
508 258 600 328 10]
1146 259 1378 314 LIBER
1414 259 1646 315 xxvn
2335 259 2440 314 129

341 433 597 496 Punica
652 433 914 496 obiecta
969 433 1291 496 Romanis
1347 432 1697 495 moenibus
1757 433 2093 512 portisque
2150 433 2437 497 fuerant.

339 535 569 612 Neque
616 534 776 597 satis
823 534 1172 596 constabat
1218 533 1481 610 animis,
1528 539 1671 594 tam
1716 533 1937 594 audax
1981 533 2105 595 iter
2151 534 2440 596 consulis

337 633 696 696 laudarent
735 633 1303 713 vituperarentne3
1339 633 1730 712 apparebat,
1776 649 1906 710 quo
1943 633 2108 694 nihil
2145 633 2440 710 iniquius

342 739 464 812 est,
522 752 602 795 ex
655 740 898 796 eventu
950 734 1208 795 famam
1258 732 1675 795 habiturum:
1730 739 1946 794 castra
1994 751 2196 812 prope
2249 733 2438 794 Han-
2471 747 2507 797 2

339 834 638 896 nibalem
693 834 956 896 hostem
1010 833 1239 895 relicta
1297 833 1436 895 sine
1502 832 1689 911 duce,
1748 850 1904 894 cum
1960 831 2270 911 exercitu,
2331 833 2438 895 cui

346 933 721 998 detractum
762 933 932 996 foret
976 951 1170 995 omne
1221 933 1399 1012 quod
1442 933 1720 1011 roboriS‚
1770 933 1950 1012 quod
1992 933 2171 995 floris
2214 933 2437 1011 fuerit,

344 1039 409 1095 et
443 1034 786 1096 consulem
816 1033 887 1094 in
921 1034 1222 1095 Lucanos
1257 1033 1620 1095 ostendisse
1654 1034 1799 1111 iter,
1835 1049 1990 1094 cum
2022 1033 2339 1095 Picenum
2373 1039 2438 1096 et

343 1133 629 1196 Galliam
708 1139 974 1212 peteret,
1052 1139 1267 1195 castra
1341 1133 1828 1211 relinquentem
1901 1133 2086 1194 nulla
2160 1133 2292 1195 alia
2367 1150 2436 1195 re
2469 1140 2508 1193 3

339 1234 591 1296 tutiora
633 1249 836 1311 quam
872 1250 1086 1294 errore
1125 1232 1353 1311 hostiS,
1399 1233 1511 1311 qui
1553 1234 1789 1296 ducem
1824 1232 1978 1295 inde
2017 1239 2219 1312 atque
2257 1251 2440 1296 exer-

342 1332 513 1395 citus
581 1339 840 1413 partem
904 1332 1132 1395 abesse
1197 1333 1548 1412 ignoraret.
1640 1333 1813 1412 Quid
1877 1333 2203 1411 futurum,
2247 1334 2301 1395 si
2366 1333 2436 1395 id
2468 1344 2507 1395 4

345 1434 572 1512 palam
621 1433 761 1510 fiat,
816 1437 881 1494 et
931 1438 1050 1494 aut
1100 1432 1240 1494 inse
1250 1433 1361 1510 qui
1411 1433 1741 1494 Neronem
1793 1450 1948 1493 cum
2000 1451 2113 1495 sex
2164 1432 2436 1496 milibus

339 1539 753 1594 armatorum
798 1532 1168 1611 profectum
1209 1531 1550 1593 Hannibal
1594 1539 1735 1596 toto
1784 1532 2071 1595 exercitu
2116 1532 2274 1595 velit
2318 1539 2435 1595 aut

341 1639 559 1695 castra
584 1632 899 1695 invadere
929 1633 1212 1712 praedae
1239 1631 1467 1694 relicta
1494 1632 1632 1695 sine
1660 1632 1936 1711 viribuS‚
1965 1633 2103 1695 sine
2130 1634 2434 1713 imperio,

339 1733 481 1795 sine
532 1732 866 1813 auspicio?
952 1733 1217 1794 Veteres
1267 1733 1408 1794 eius
1461 1732 1614 1794 belli
1653 1734 1895 1811 cladeS‚
1951 1734 2082 1795 duo
2134 1734 2434 1816 consules
2468 1748 2503 1798 5

344 1833 643 1911 proximo
674 1849 851 1893 anno
879 1831 1208 1894 interfecti
1237 1830 1603 1909 terrebant;
1633 1838 1697 1894 et
1728 1851 1805 1895 ea
1837 1832 2064 1895 omnia
2092 1833 2432 1912 accidisse,

339 1950 495 1994 cum
540 1950 714 1994 unus
760 1932 1142 2011 imperator,
1189 1948 1365 1995 unus
1413 1932 1736 1996 exercitus
1783 1933 2077 1995 hostium
2122 1932 2192 1994 in
2239 1932 2434 1996 Italia

339 2038 536 2110 esset3
573 2049 752 2094 nunc
796 2032 927 2094 duo
970 2032 1142 2094 bella
1179 2030 1430 2094 Punica
1467 2033 1669 2111 facta,
1716 2033 1881 2095 duos
1918 2032 2215 2113 ingentes
2254 2052 2435 2096 exer-

338 2133 529 2211 citus,
575 2133 740 2195 duos
782 2149 985 2213 prope
1025 2132 1438 2195 Hannibales
1474 2132 1546 2193 in
1585 2132 1781 2196 Italia
1820 2152 1980 2196 esse.
2071 2133 2326 2214 Quippe
2368 2140 2432 2197 et

336 2232 831 2294 Hasdrubalem
885 2238 1069 2312 patre
1123 2232 1359 2295 eodem
1410 2232 1792 2296 Hamilcare
1845 2231 2164 2313 genitum,
2219 2251 2431 2312 aeque
2466 2242 2504 2293 6

335 2330 676 2412 inpigrum
732 2332 989 2409 ducem,
1047 2349 1162 2412 per
1211 2339 1309 2394 tot
1362 2350 1575 2394 annos
1626 2331 1696 2393 in
1747 2332 2073 2412 Hispania
2125 2335 2430 2395 Romano
2482 2307 2507 2332 '

337 2431 769 2495 exercitatum
837 2431 1031 2510 bello,
1099 2431 1364 2512 gemina
1430 2431 1711 2495 victoria
1775 2431 2103 2513 insignem
2172 2433 2431 2496 duobus

336 2532 731 2595 exercitibus
776 2547 930 2594 cum
974 2531 1351 2595 clarissimis
1399 2531 1679 2595 ducibus
1728 2533 1975 2596 deletis,
2064 2534 2236 2595 Nam
2277 2533 2431 2595 itin-

337 2632 464 2695 eris
503 2631 771 2711 quidem
805 2631 1134 2694 celeritate
1170 2651 1250 2694 ex
1281 2630 1609 2711 Hispania
1642 2638 1707 2695 et
1741 2631 2085 2695 concitatis
2121 2634 2207 2695 ad
2241 2651 2428 2696 arma
2463 2637 2500 2688 7

337 2731 604 2795 Gallicis
647 2731 954 2812 gentibus
989 2735 1200 2794 multo
1243 2733 1456 2812 magis
1493 2750 1695 2811 quam
1726 2733 2175 2795 Hannibalem
2206 2732 2429 2813 ipsum

335 2831 602 2912 gloriari
647 2851 864 2912 posse:
929 2833 1170 2912 quippe
1214 2831 1284 2892 in
1329 2831 1409 2894 iis
1441 2833 1603 2895 locis
1648 2833 1825 2894 hunc
1862 2833 2149 2913 coegisse
2188 2834 2426 2897 exerci-
2461 2841 2500 2892 8

334 2939 506 3010 tum,
574 2931 814 3011 quibus
886 2930 993 2994 ille
1058 2931 1381 2995 maiorem
1448 2939 1705 3012 partem
1770 2932 2060 2996 militum
2121 2933 2298 2996 fame
2351 2953 2429 2997 ac

334 3032 599 3113 frigore,
673 3049 839 3111 quae
913 3031 1283 3095 miserrima
1344 3032 1578 3095 mortis
1641 3051 1882 3112 genera
1945 3032 2098 3111 sint,
2167 3033 2428 3096 amisis-

334 3139 453 3196 set.
546 3132 786 3195 Omnia
810 3132 1065 3195 maiora
1082 3133 1284 3195 etiam
1300 3151 1459 3195 vero
1490 3132 1815 3212 praesidia
1834 3133 2149 3212 hostium,
2167 3134 2427 3196 minora
2461 3135 2535 3187 10

335 3355 444 3399 quo
473 3377 486 3391 .
519 3378 531 3392 .
564 3378 577 3392 .
609 3348 717 3391 est:
751 3348 836 3388 the
865 3346 1224 3387 antecedentis
1244 3348 1329 3388 the
1482 3349 1528 3392 5.
1584 3347 1692 3393 duo
1724 3347 2001 3392 consules:
2024 3359 2103 3389 see
2122 3352 2242 3390 note
2276 3353 2330 3389 to
2361 3348 2423 3389 35.

275 3442 290 3454 .
335 3415 558 3464 thought
575 3414 629 3454 ot
649 3416 732 3454 the
749 3413 1009 3463 following
1035 3414 1216 3455 clause.
1428 3416 1465 3455 5.
1533 3423 1729 3465 prope:
1803 3418 1938 3456 “one
2005 3415 2172 3466 might.
2242 3416 2429 3457 almost.

384 3483 432 3526 2.
488 3479 602 3525 cui:
621 3481 780 3522 refers
797 3484 852 3521 to
872 3479 1090 3521 exercitu.
1147 3480 1330 3522 Dative
1429 3483 1570 3532 say.”

333 3550 389 3590 or
406 3547 712 3599 separation.
1482 3550 1530 3593 6.
1583 3547 1796 3594 duobus
1816 3547 2176 3594 exercitibus:
2206 3558 2288 3591 see
2305 3551 2428 3591 note

385 3615 434 3660 3.
487 3613 637 3658 inde:
657 3613 732 3654 Le.
755 3614 888 3654 from
913 3614 1000 3654 the
1016 3623 1176 3666 camp.
1431 3619 1485 3656 to
1504 3615 1565 3656 26.
1593 3617 1649 3656 18.
1676 3618 1709 3656 1.

383 3683 432 3727 4.
485 3679 738 3725 futurum
771 3681 949 3730 (essem
987 3690 1068 3720 see
1092 3683 1157 3721 21.
1187 3682 1250 3722 53.
1289 3683 1325 3722 3.
1482 3683 1528 3726 8.
1582 3683 1752 3727 hunc:
1798 3683 2070 3724 Hamilcar.
2129 3682 2251 3727 1110:
2292 3681 2426 3724 Han-

331 3748 525 3802 palam
613 3746 743 3792 flat:
832 3748 1044 3788 “should
1130 3749 1331 3789 become
1429 3748 1582 3789 nibal.
1636 3749 1727 3789 Hic
1746 3752 1862 3790 here
1880 3751 2038 3790 refers
2058 3756 2149 3790 not.
2162 3755 2215 3790 to
2231 3751 2314 3790 the
2332 3758 2427 3790 one

333 3814 568 3856 known.''
643 3812 909 3864 praedae:
991 3814 1183 3861 dative;
1268 3814 1331 3854 ad
1430 3815 1533 3856 last,
1551 3817 1749 3862 named,
1768 3817 1859 3856 but,
1880 3821 1931 3855 to
1950 3817 2057 3856 him
2071 3818 2184 3855 who
2212 3825 2427 3867 appears

327 3880 560 3934 praedam
577 3879 744 3932 might
763 3882 891 3922 have
909 3882 1032 3922 been
1051 3881 1184 3922 used.
1432 3883 1520 3922 the
1537 3891 1677 3922 more
1694 3883 1998 3934 prominent..
