2967 4384
515 283 624 337 164
1432 281 1495 335 Τ.
1533 280 1700 336 L1v1
1996 323 2000 334 .
2218 269 2225 277 ’
2360 281 2549 348 [xxxi.
2571 281 2608 334 4

520 457 766 536 priores
796 456 872 517 de
899 454 1138 532 Sicilia,
1165 471 1382 533 neque
1417 471 1541 515 nos
1571 453 1649 515 de
1674 452 2001 532 Hispania
2025 452 2304 515 fecimus
2333 452 2607 531 bellum3

517 565 580 620 et
642 564 801 619 tunc
864 555 1417 617 Mamertinorum
1476 553 1811 615 sociorum
1875 553 2242 632 periculum
2303 559 2367 615 et
2428 571 2606 614 nunc

515 657 790 736 Sagunti
840 655 1174 717 excidium
1222 653 1417 714 nobis
1470 653 1581 732 pia
1630 671 1707 716 ac
1758 652 1933 715 iusta
1982 652 2342 714 induerunt
2391 671 2605 717 arma:

423 768 480 818 ‘5
517 775 639 818 vos
672 756 1007 818 lacessisse
1047 760 1109 815 et
1146 760 1221 815 tu
1257 754 1397 831 ipse
1433 752 1662 815 fateris
1699 757 1763 813 et
1804 752 1907 813 dei
1942 758 2140 814 testes
2176 759 2353 830 sunt,
2396 756 2509 834 qui
2544 762 2606 817 et

515 858 690 918 illius
754 855 905 917 belli
966 854 1217 915 exitum
1275 852 1645 914 secundum
1703 852 1806 912 ius
1863 852 2098 930 fasque
2164 852 2484 921 dederunt
2545 863 2608 918 et

450 971 486 1022 6
516 957 714 1018 huius
750 957 908 1018 dant
941 961 1004 1016 et
1041 953 1316 1016 dabunt.
1409 952 1602 1032 Quod
1632 951 1720 1014 ad
1751 968 1858 1013 me
1889 952 2146 1031 attinet,
2181 960 2244 1016 et
2273 956 2607 1018 humanae

517 1056 919 1118 infirmitatis
970 1054 1245 1117 memini
1295 1059 1358 1114 et
1413 1053 1554 1114 vim
1602 1052 1907 1114 fortunae
1960 1062 2195 1133 reputo
2246 1062 2311 1118 et
2363 1058 2608 1132 omnia,

524 1175 980 1237 quaecumque
1032 1159 1314 1238 agimuS‚
1365 1157 1664 1219 subiecta
1714 1176 1852 1220 esse
1904 1159 2081 1221 mille
2132 1159 2395 1222 casibus
2445 1159 2611 1234 scio;

448 1265 484 1317 7
520 1265 833 1336 ceterum,
901 1275 1100 1336 quem
1160 1257 1248 1320 ad
1310 1257 1591 1318 modum
1650 1257 1932 1336 superbe
1995 1265 2060 1320 et
2124 1259 2444 1321 violenter
2504 1276 2609 1319 me

517 1358 760 1420 faterer
797 1358 1038 1435 facere,
1080 1358 1157 1435 si,
1206 1358 1597 1436 priusquam
1636 1357 1706 1417 in
1746 1358 2041 1419 Africam
2081 1359 2503 1435 traiecissem,
2546 1365 2609 1420 te

518 1464 636 1519 tua
700 1459 1042 1519 voluntate
1107 1457 1451 1519 cedentem
1516 1457 1709 1518 Italia
1772 1464 1837 1519 et
1900 1458 2211 1536 imposito
2272 1459 2344 1518 in
2404 1476 2613 1520 naves

519 1559 806 1619 exercitu
855 1558 1079 1636 ipsum
1130 1557 1508 1619 venientem
1558 1556 1647 1617 ad
1701 1575 1933 1635 pacem
1987 1559 2341 1637 petendam
2390 1577 2613 1637 asper-

449 1667 487 1717 8
518 1676 733 1735 narer,
767 1658 859 1719 sic
891 1675 1092 1735 nunc,
1128 1674 1282 1718 cum
1316 1674 1519 1735 prope
1555 1674 1761 1717 manu
1794 1664 2171 1719 consertum
2202 1659 2614 1720 restitantem

519 1777 597 1819 ac
654 1759 1199 1836 tergiversantem
1256 1758 1326 1818 in
1384 1757 1680 1820 Africam
1739 1758 2162 1835 adtraxerim,
2220 1759 2405 1821 nulla
2462 1776 2613 1818 sum

449 1869 486 1920 9
518 1857 641 1919 tibi
691 1858 1090 1919 verecundia
1140 1857 1513 1921 obstrictuS.
1608 1858 1889 1919 Proinde
1940 1859 1995 1918 si
2049 1858 2207 1936 quid
2255 1858 2344 1919 ad
2392 1876 2492 1934 ea,
2542 1858 2612 1918 in

525 1975 692 2035 quae
732 1964 879 2019 tum
923 1976 1051 2036 pax
1083 1963 1495 2019 conventura
1537 1957 1912 2034 videbatur,
1954 1957 2258 2033 adicitur,
2291 1964 2387 2019 est
2435 1959 2611 2035 quod

520 2057 804 2118 referam
843 2059 931 2119 ad
983 2058 1359 2134 consilium3
1400 2059 1502 2119 sin
1546 2059 1658 2119 illa
1703 2076 1963 2136 quoque
2004 2058 2234 2135 gravia
2279 2057 2610 2144 videntur,

524 2157 770 2218 bellum
805 2165 1052 2235 parate,
1100 2158 1416 2236 quoniam
1461 2176 1693 2236 pacem
1738 2158 1873 2236 pati
1913 2175 2049 2217 non
2088 2157 2435 2235 potuistis!

413 2268 485 2319 ιο
692 2258 794 2318 Ita
839 2257 1084 2319 infecta
1134 2276 1291 2336 pace
1340 2276 1417 2319 ex
1465 2257 1818 2335 conloquio
1864 2257 1952 2319 ad
1998 2274 2153 2318 suos
2200 2273 2354 2316 cum
2398 2275 2465 2318 se
2512 2275 2612 2317 re-

523 2357 868 2435 cepissent,
915 2358 1161 2419 frustra
1209 2357 1413 2418 verba
1461 2359 1756 2434 praelata
1800 2357 2209 2418 renuntiant:
2256 2357 2457 2418 armis
2507 2358 2616 2418 de-

524 2458 930 2518 cernendum
991 2476 1129 2518 esse
1192 2457 1707 2535 habendamque
1771 2474 1921 2519 eam
1983 2457 2344 2534 fortunam,
2413 2474 2615 2535 quam

453 2567 486 2618 1
528 2557 630 2618 dei
685 2557 1035 2619 dedissent.
1126 2558 1397 2618 XXXII.
1445 2558 1525 2616 In
1576 2563 1791 2618 castra
1839 2563 1913 2617 ut
1965 2563 2061 2618 est
2114 2564 2412 2634 ventum,
2468 2574 2617 2634 pro-

524 2656 834 2718 nuntiant
878 2656 1102 2733 ambe,
1148 2673 1337 2718 arma
1381 2656 1763 2734 expedirent
1806 2655 2047 2718 milites
2090 2657 2480 2734 animosque
2525 2657 2613 2717 ad

525 2773 912 2834 supremum
964 2762 1320 2834 certamen,
1375 2773 1511 2816 non
1563 2757 1632 2817 in
1683 2774 1896 2817 unum
1953 2757 2127 2817 diem
2178 2757 2294 2818 sed
2345 2756 2415 2816 in
2471 2774 2615 2834 per-

453 2862 488 2914 2
523 2838 824 2934 'petuum‚
878 2857 933 2917 si
987 2857 1265 2918 felicitas
1319 2856 1599 2933 adesset,
1657 2856 1957 2917 victoreS.
2049 2857 2265 2918 Roma
2318 2875 2407 2917 an
2460 2857 2616 2918 Car-

575 3086 757 3127 XXXI.
811 3089 860 3130 4.
915 3087 1070 3130 tunc:
1092 3087 1166 3128 Le.
1184 3092 1238 3128 at
1257 3089 1342 3127 the
1355 3088 1522 3137 begin·
1617 3087 1713 3126 law
1732 3089 1830 3128 and
1859 3088 2017 3128 refers
2044 3091 2098 3128 to
2124 3089 2212 3128 the
2238 3089 2483 3139 symbolic
2500 3097 2612 3129 con·

524 3148 648 3202 ning
675 3155 728 3192 or
757 3155 841 3194 the
875 3154 991 3194 first.
1009 3154 1378 3204 Carthaginian
1399 3163 1515 3194 war.
1617 3157 1718 3193 test.
1748 3155 1802 3194 ot
1846 3153 1931 3193 the
1964 3153 2097 3194 rival
2130 3153 2405 3196 claimants
2440 3154 2493 3195 in
2531 3156 2613 3195 the

526 3219 1001 3264 Mamertinorum:
1085 3221 1172 3262 the
1250 3217 1523 3260 Mamertini
1563 3248 1566 3283 Ι
1616 3228 1849 3270 presence
1867 3220 1921 3259 ot
1939 3221 2024 3260 the
2049 3220 2216 3270 judge.
2273 3220 2365 3262 See
2399 3221 2614 3270 Morey's

531 3290 705 3335 (“sons
740 3288 793 3327 ot
836 3287 1028 3335 Mars’')
1061 3296 1192 3328 were
1226 3295 1521 3337 mercenary
1562 3288 1566 3329 1
1614 3285 1804 3326 Roman
1826 3285 1952 3334 Lam,
1971 3296 2051 3337 pp.
2076 3287 2200 3326 17-18.

527 3358 715 3403 troops,
753 3355 885 3399 wh0,
910 3354 1166 3404 revolting
1209 3355 1342 3394 from
1389 3353 1522 3394 their
1562 3370 1566 3378 ⁴

527 3425 730 3466 master,
753 3421 907 3460 H1ero
933 3420 1056 3470 king
1083 3421 1138 3461 or
1164 3419 1424 3471 Syracuse.
1447 3430 1522 3460 oc·
1562 3386 1567 3505 i
1616 3401 2049 3446 XXX11·XXXV·
2152 3403 2269 3447 The
2324 3403 2505 3448 Batfle
2558 3405 2615 3447 Of

528 3487 705 3537 cupied
727 3487 970 3528 Messana..
1026 3487 1128 3527 The
1141 3487 1362 3527 Romans
1380 3496 1523 3527 came
2024 3469 2197 3513 zama·

530 3558 584 3593 to
619 3554 753 3594 their
787 3553 1066 3594 assistance
1099 3553 1153 3594 in
1183 3553 1259 3593 264
1286 3561 1383 3593 nc.
1423 3554 1523 3593 and
1564 3526 1568 3573 ἰ
1671 3556 1713 3596 1.
1768 3553 2117 3604 expedirent:
2148 3556 2229 3594 tor
2258 3555 2343 3594 the
2360 3559 2613 3596 construc-

529 3622 614 3661 the
635 3622 747 3661 first
764 3620 1130 3670 Carthaginian
1148 3629 1266 3664 war,
1289 3620 1436 3660 while
1453 3622 1525 3659 in·
1566 3622 1569 3660 3
1620 3621 1742 3664 tion,
1766 3631 1844 3660 see
1862 3622 1923 3660 21.
1949 3622 2007 3660 12.
2030 3623 2066 3660 5.
2122 3621 2224 3660 'Phe
2243 3622 2420 3662 verbis
2438 3631 2615 3672 appro-

530 3688 739 3737 volving
768 3696 953 3737 graver
985 3687 1162 3734 issues,
1183 3697 1288 3728 was
1316 3687 1523 3738 precipi-
1620 3688 1838 3736 priately
1870 3687 1992 3727 used
2022 3687 2148 3726 with
2177 3695 2312 3726 arma
2342 3697 2399 3728 as
2430 3697 2497 3729 an
2532 3690 2612 3728 ob-

531 3755 669 3795 tated
688 3755 753 3804 by
772 3753 876 3794 this
895 3753 1132 3795 1neident.
1568 3748 1572 3809 ζ
1619 3753 1736 3803 givet,
1753 3756 1843 3794 but
1855 3755 1935 3793 tor
1946 3753 2129 3793 animoa
2144 3755 2359 3795 another
2373 3756 2608 3806 verb‚e.g.

583 3822 628 3862 8.
685 3820 1022 3864 consertum:
1127 3819 1319 3870 supine.
1425 3820 1528 3859 The
1570 3840 1573 3865 ι
1623 3820 1973 3866 confirmarent.
2029 3820 2209 3862 should
2264 3822 2323 3865 be
2367 3821 2609 3876 supplied.

533 3887 694 3938 figure
705 3886 750 3926 is
762 3885 961 3928 derived
979 3887 1110 3927 from
1132 3887 1309 3930 theold
1331 3887 1529 3930 Roman
1570 3878 1574 3931 ἱ
1624 3886 1887 3934 victores:
1910 3898 1972 3930 sc.
1988 3886 2169 3937 futuri.
