2967 4384
387 276 588 328 xxviii.
618 274 677 341 2]
1211 275 1439 329 mma
1486 275 1666 328 xx11
2418 277 2488 330 73

390 446 701 525 imperi0,
753 448 916 508 satis
965 449 1180 509 fidens
1230 447 1770 525 haudquaquam
1820 466 1976 509 cum
2026 448 2292 526 imperii
2341 448 2483 508 iure

393 554 608 607 artem
638 547 1018 626 imperandi
1047 554 1412 625 aequatam
1443 565 1600 608 cum
1627 547 1881 609 invicto
1912 567 1952 608 a
1982 549 2244 609 civibus
2273 547 2484 607 hosti-

397 645 655 724 busque
702 647 929 708 animo
976 648 1063 707 ad
1110 647 1475 708 exercitum
1520 647 1739 708 rediit.
1832 648 2101 707 XXVII.
2151 647 2488 707 Minucius
2523 649 2554 698 1

396 764 556 808 vero
588 765 744 807 cum
775 747 913 807 iam
944 753 1100 808 ante
1135 747 1246 809 vix
1277 747 1645 808 tolerabilis
1678 747 1912 808 fuisset
1944 747 2145 808 rebus
2176 746 2488 808 secundis

394 865 472 907 ac
503 847 736 909 favore
770 847 972 926 volgi,
1003 853 1151 907 tum
1180 846 1412 924 utique
1444 847 1780 908 inmodice
1811 837 2319 925 inmodesteque
2350 864 2488 907 non
2521 851 2557 902 2

393 946 778 1008 Hannibale
824 947 1038 1026 magis
1085 947 1263 1008 victo
1310 948 1398 1008 ab
1442 967 1512 1008 se
1564 965 1767 1025 quam
1812 948 1886 1026 Q.
1935 947 2145 1008 Fabio
2189 946 2485 1026 gloriari.

393 1048 634 1124 Itaque
685 1065 814 1125 quo
862 1047 964 1108 die
1013 1047 1305 1125 primum
1349 1065 1743 1126 congressus
1788 1054 1886 1108 est
1929 1065 2085 1108 cum
2129 1048 2203 1126 Q.
2250 1047 2486 1122 Fabio,
2522 1058 2557 1109 5

393 1148 833 1208 statuendum
865 1147 1169 1206 omnium
1203 1147 1496 1225 primum
1527 1147 1621 1208 ait
1652 1165 1817 1224 esse,
1855 1164 2055 1225 quem
2083 1149 2171 1208 ad
2202 1148 2485 1208 modum

393 1246 678 1324 imperio
710 1253 1002 1324 aequato
1033 1253 1338 1316 utantur:
1387 1265 1455 1307 se
1491 1253 1848 1325 optumum
1885 1248 2146 1324 ducere,
2199 1252 2317 1307 aut
2352 1246 2487 1307 die-
2522 1254 2559 1306 6

295 1405 302 1414 ,
399 1346 523 1406 bus
554 1346 829 1407 alternis
861 1352 1000 1422 aut,
1033 1347 1087 1406 si
1120 1346 1378 1407 maiora
1408 1346 1767 1407 intervalla
1826 1348 2185 1424 placerent,
2224 1346 2487 1424 partitis

393 1446 816 1523 temporibus
852 1445 1126 1506 alterius
1163 1463 1506 1506 summum
1541 1446 1645 1506 ius
1680 1446 2174 1524 imperiumque
2212 1442 2375 1523 esse,
2412 1452 2487 1506 ut
2524 1459 2558 1508 7

400 1563 520 1623 par
556 1546 734 1605 hosti
771 1563 907 1605 non
947 1545 1224 1606 consilio
1263 1546 1483 1606 solum
1520 1547 1638 1607 sed
1670 1546 1927 1607 viribus
1965 1547 2173 1607 etiam
2208 1552 2402 1622 esset,
2433 1546 2490 1606 si

400 1663 605 1722 quam
663 1645 1085 1706 occasionem
1140 1645 1233 1706 rei
1290 1647 1621 1724 gerendae
1680 1646 2048 1708 habuisset.
2144 1647 2218 1725 Q.
2277 1645 2487 1706 Fabio
2522 1653 2560 1704 8

395 1746 935 1824 haudquaquam
979 1746 1047 1806 id
1097 1747 1385 1824 placere:
1435 1746 1665 1806 omnia
1709 1748 2056 1807 fortunam
2101 1764 2254 1807 eam
2295 1746 2489 1807 habi-

395 1853 571 1923 tura,
616 1863 1112 1923 quamcumque
1154 1845 1498 1906 temeritas
1536 1848 1827 1924 collegae
1888 1846 2257 1908 habuisset.
2350 1845 2490 1906 Sibi

396 1945 973 2006 communicatum
998 1963 1156 2005 cum
1178 1945 1316 2022 illo,
1342 1964 1480 2006 non
1505 1947 1904 2024 ademptum
1929 1946 2290 2023 imperium
2316 1962 2480 2006 esse:

396 2044 626 2122 itaque
669 2063 737 2105 se
779 2061 1159 2122 numquam
1202 2047 1544 2106 volentem
1590 2051 1777 2122 parte
1826 2063 1957 2123 qua
2001 2052 2223 2124 posset
2264 2063 2490 2106 rerum
2527 2049 2564 2099 9

397 2127 676 2205 consilio
709 2144 1161 2223 gerendarum
1193 2162 1563 2221 cessurum,
1598 2163 1719 2206 nec
1755 2164 1823 2207 se
1858 2152 2166 2223 tempora
2199 2151 2316 2206 aut
2356 2145 2494 2206 dies

395 2244 660 2322 imperii
696 2263 851 2304 cum
885 2263 987 2322 e0‚
1023 2244 1391 2305 exercitum
1430 2245 1829 2322 divisurum,
1865 2245 2137 2322 suisque
2174 2245 2492 2321 consiliiS‚

403 2343 723 2422 quoniam
769 2344 1000 2406 omnia
1043 2361 1181 2404 non
1225 2344 1476 2422 liceret,
1531 2362 1699 2422 quae
1750 2351 1995 2422 posset,
2040 2351 2491 2406 servaturum.

394 2444 500 2504 Ita
555 2443 872 2521 obtinuit,
918 2449 993 2505 ut
1048 2444 1368 2523 legioneS,
1424 2444 1598 2505 sicut
1653 2444 2044 2505 consulibus
2097 2461 2244 2504 mos
2299 2449 2494 2520 esset,
2530 2449 2603 2500 10

396 2543 572 2603 inter
603 2561 671 2604 se
712 2543 1111 2605 dividerent.
1205 2544 1431 2605 Prima
1466 2550 1531 2605 et
1571 2550 1810 2622 quarta
1842 2543 2163 2620 Minuci0,
2199 2544 2495 2604 secunda

398 2649 462 2703 et
508 2642 705 2703 tertia
751 2643 960 2703 Fabio
1008 2651 1402 2705 evenerunt.
1496 2645 1670 2705 Item
1714 2643 1973 2721 equites
2023 2643 2167 2721 pari
2212 2660 2494 2703 numero
2530 2652 2599 2702 11

397 2742 790 2820 sociumque
836 2749 901 2803 et
945 2743 1165 2804 Latini
1211 2744 1507 2805 nominis
1551 2744 1802 2805 auxilia
1851 2743 2244 2805 diviserunt.
2338 2742 2495 2802 Cas-

397 2842 518 2902 tris
556 2859 822 2919 quoque
857 2860 926 2904 se
962 2844 1263 2921 separari
1297 2844 1617 2923 magister
1652 2844 1959 2922 equitum
1995 2842 2232 2905 voluit.

570 2942 875 3003 XXVIII.
927 2944 1190 3021 Duplex
1258 2944 1413 3005 inde
1481 2944 1853 3004 Hannibali
1904 2942 2231 3021 gaudium
2280 2942 2493 3002 fuit—
2530 2951 2601 3000 1·

397 3058 616 3119 neque
663 3042 846 3101 enim
896 3042 1262 3120 quicquam
1307 3061 1564 3121 eorum,
1617 3061 1785 3121 quae
1834 3044 2018 3121 apud
2064 3043 2290 3104 hostes
2338 3061 2492 3119 age-

398 3147 652 3218 rentur,
698 3159 856 3202 eum
897 3141 1177 3203 fallebat
1222 3149 1286 3203 et
1334 3143 1628 3221 perfugis
1672 3145 1887 3203 multa
1929 3141 2386 3203 indicantibus
2431 3147 2493 3201 ct

402 3258 518 3317 per
553 3259 711 3302 suos
761 3244 1336 3319 explorantem—z
1385 3261 1548 3302 nam
1590 3249 1653 3303 et
1684 3242 1969 3303 liberam
2001 3241 2255 3301 Minuci
2288 3246 2493 3300 teme·
2528 3244 2563 3293 2

451 3474 495 3516 ⁷.
553 3481 677 3516 cum
694 3472 840 3517 iure:
870 3483 935 3514 sc.
958 3471 1172 3523 aequato.
1496 3474 1647 3524 posed
1668 3477 1722 3513 to
1740 3472 2008 3523 preceding
2034 3472 2269 3520 negative
2287 3471 2491 3519 objects.

448 3540 656 3579 XXVII·
714 3542 762 3584 2.
817 3539 1249 3584 Fablozsc.vict0.
1498 3541 1587 3580 W'e
1621 3541 1801 3580 should
1845 3544 2023 3588 expect
2067 3548 2133 3578 au
2179 3537 2496 3578 adversative

449 3607 496 3650 6.
551 3606 777 3650 ducere:
816 3607 1192 3647 “considered''
1498 3607 1823 3654 conjunctiou
1852 3608 2021 3647 before
2039 3604 2303 3644 exercitum.
2356 3602 2495 3647 lice-

451 3674 497 3716 8.
552 3673 801 3722 plaeere:
837 3673 1104 3712 historical
1132 3672 1397 3712 infinitive.
1498 3674 1607 3716 ret:
1636 3685 1700 3713 se.
1722 3681 1929 3711 sere-are.

400 3739 503 3778 The
534 3739 814 3778 innuitis-es
845 3739 960 3780 that
989 3739 1160 3778 follow
1189 3749 1274 3779 are
1307 3741 1402 3780 due
1551 3740 1631 3782 11.
1686 3739 2014 3782 evenerunt:
2043 3748 2109 3778 sc.
2132 3737 2265 3777 sorte.

402 3809 455 3846 to
475 3807 640 3845 oratio
658 3807 875 3855 obliqua.
1550 3806 1781 3845 XXVIII.
1851 3806 1894 3847 1.
1961 3804 2287 3854 agerentur:
2348 3803 2495 3843 itera-

452 3873 497 3915 9.
555 3873 885 3918 exercitum:
941 3872 1257 3918 affirmative,
1322 3882 1402 3922 op-
1504 3871 1617 3911 tive.
1673 3870 1929 3916 fallebat:
1964 3871 2253 3920 ···eseapec1.··
