2967 4384
1089 693 1492 800 ΤΙΤΙ
1594 692 2012 804 LIVI

983 967 1124 1036 AB
1203 967 1513 1034 URBE
1591 964 2117 1034 CONDITA

1280 1207 1538 1268 LIBER
1582 1206 1826 1268 XXVII

436 1350 473 1401 4
674 1343 813 1406 XV.
860 1341 936 1420 Q.
1019 1340 1264 1403 Fabius
1346 1340 1576 1402 consul
1656 1339 1984 1418 oppidum
2064 1339 2136 1399 in
2219 1340 2598 1404 Sallentinis

503 1441 931 1505 Manduriam
970 1441 1037 1502 vi
1075 1440 1270 1519 cepit.
1358 1439 1462 1500 Ibi
1499 1439 1588 1501 ad
1623 1439 1751 1502 tria
1788 1438 1972 1502 milia
2009 1439 2362 1502 hominum
2398 1449 2599 1520 capta

504 1550 566 1606 et
625 1549 877 1604 ceterae
937 1539 1220 1618 praedae
1274 1538 1717 1618 aliquantum.
1806 1537 1972 1601 Inde
2026 1539 2391 1602 Tarentum
2447 1558 2597 1619 pro-

435 1661 471 1712 5
500 1643 716 1706 fectus
773 1642 843 1701 in
879 1640 1040 1718 ipsis
1086 1638 1396 1700 faucibus
1460 1646 1688 1717 portus
1750 1638 1968 1718 posuit
2027 1646 2265 1703 castra.
2353 1641 2595 1720 Naves,

509 1760 672 1823 quas
735 1740 1063 1803 Laevinus
1123 1738 1423 1802 tutandis
1486 1737 1970 1801 commeatibus
2031 1737 2382 1818 habuerat,
2449 1757 2597 1821 par—

501 1844 625 1904 tim
706 1838 1310 1903 machinationibus
1395 1845 1626 1901 onerat
1708 1846 2172 1918 apparatuque
2254 1841 2597 1903 moenium

503 1941 1130 2022 oppugnandorum‚
1198 1939 1440 2019 partim
1502 1938 1849 2002 tormentis
1912 1946 1977 2002 et
2040 1940 2216 2002 saxis
2280 1941 2595 2021 omnique

502 2042 853 2104 missilium
916 2042 1202 2105 telorum
1266 2057 1504 2118 genere
1571 2038 1859 2119 instruit,
1910 2040 2246 2103 onerarias
2308 2058 2594 2121 quoque,

430 2157 466 2208 6
501 2163 638 2206 non
674 2162 787 2206 eas
825 2144 1065 2221 solum,
1111 2160 1279 2221 quae
1324 2141 1525 2203 remis
1564 2149 1940 2220 agerentur,
1981 2148 2056 2203 ut
2096 2139 2209 2202 alii
2247 2140 2597 2202 machinas

499 2245 845 2324 scalasque
909 2243 996 2305 ad
1062 2260 1289 2303 muros
1351 2241 1622 2319 ferrent,
1690 2241 1803 2302 alii
1872 2241 2099 2320 procul
2164 2258 2242 2302 ex
2307 2241 2596 2304 navibus

505 2345 924 2408 vulnerarent
963 2343 1304 2404 moenium
1344 2349 1889 2420 propugnatoreS.

426 2456 466 2509 9
670 2443 953 2506 Fabium
999 2446 1359 2508 Tarentum
1408 2443 1826 2506 obsidentem
1870 2442 2017 2504 leve
2069 2441 2249 2504 dictu
2295 2457 2595 2502 momen-

497 2552 645 2608 tum
684 2545 772 2607 ad
811 2563 954 2607 rem
993 2545 1329 2623 ingentem
1374 2544 1770 2623 potiundam
1810 2542 2091 2605 adiuvit.
2183 2539 2596 2604 Praesidium

499 2645 911 2708 Bruttiorum
971 2647 1202 2709 datum
1257 2646 1345 2707 ab
1400 2644 1780 2707 Hannibale
1835 2642 2173 2706 Tarentini
2228 2642 2591 2705 habebant.

495 2745 656 2807 Eius
711 2746 1017 2825 praesidii
1073 2745 1444 2824 praefectus
1498 2743 1837 2822 deperibat
1878 2760 2105 2805 amore
2142 2742 2591 2820 mulierculae,

391 2857 464 2910 ιο
498 2845 685 2907 cuius
727 2846 933 2909 frater
977 2845 1048 2906 in
1093 2845 1381 2907 exercitu
1426 2842 1616 2905 Fabii
1662 2842 1948 2905 consulis
1994 2850 2155 2906 erat.
2245 2842 2311 2904 Is
2358 2841 2595 2905 certior

494 2945 727 3008 litteris
788 2945 1028 3007 sororis
1084 2946 1308 3006 factus
1372 2943 1451 3004 de
1512 2960 1692 3005 nova
1752 2941 2230 3006 consuetudine
2289 2941 2593 3008 advenae

495 3046 842 3123 locupletis
904 3053 971 3108 at
982 3063 1107 3124 que
1169 3044 1340 3107 inter
1406 3043 1743 3121 popularis
1804 3051 1948 3106 tam
2009 3041 2339 3119 honorati,
2404 3059 2593 3120 spem

498 3207 612 3253 XV.
648 3208 866 3253 4.-XV1.
912 3211 958 3254 9.
1001 3209 1204 3253 Fabius
1222 3208 1494 3252 Recovers
1588 3216 1661 3247 us.
1726 3203 2049 3256 Cicerooe'ato
2068 3203 2299 3252 Maior-A.
2320 3205 2386 3252 11)
2411 3205 2457 3247 is
2474 3205 2590 3246 mis-

843 3275 1158 3318 Tarentum.
1587 3273 1742 3314 taken
1760 3272 1815 3313 in
1832 3272 2079 3324 speaking
2097 3273 2151 3313 ot
2168 3272 2277 3312 him
2296 3281 2353 3313 as
2372 3271 2434 3312 Μ.
2458 3271 2590 3313 Livi-

547 3345 597 3387 4.
653 3342 708 3394 Q.
747 3342 968 3386 Fabius:
1005 3343 1088 3382 the
1117 3340 1322 3382 consuls
1346 3339 1493 3380 01209
1588 3351 1649 3382 us
1669 3339 1945 3382 Salinator.

495 3417 594 3450 nc.
632 3417 762 3449 were
781 3410 835 3458 Q.
858 3409 1049 3449 Fabius
1075 3408 1331 3449 Maximus
1357 3406 1491 3457 quin·
1638 3409 1685 3451 6.
1738 3414 1884 3458 quae
1908 3405 2081 3451 remis
2103 3404 2426 3458 agerentur:
2447 3407 2589 3458 prob-

495 3475 607 3522 tum,
640 3477 740 3517 and
770 3476 824 3525 Q.
856 3475 1072 3516 Fulvius
1109 3475 1324 3516 Flaccus
1354 3482 1491 3524 quar·
1588 3473 1707 3524 ably
1723 3474 1847 3514 used
1866 3474 1920 3514 ot
1936 3472 2200 3524 war-ships.

493 3542 606 3584 tum.
660 3541 940 3586 faucibus:
968 3551 1049 3582 see
1065 3541 1127 3581 25.
1151 3543 1211 3581 11.
1236 3542 1298 3583 11.
1637 3541 1683 3584 9.
1734 3548 1854 3584 rem
1880 3538 2231 3590 potiundam:
2260 3548 2343 3581 see
2366 3540 2430 3580 21.
2454 3539 2517 3579 45.
2546 3539 2586 3580 9.

547 3610 619 3653 lid
651 3608 949 3653 Laevinus:
980 3609 1043 3648 M.
1065 3607 1299 3649 Valerius
1317 3607 1492 3648 Laevi·
1586 3605 1979 3651 mulierculae:
2015 3607 2103 3647 the
2131 3605 2454 3652 diminutive.
2482 3613 2589 3656 per-

494 3684 592 3715 nus
608 3676 670 3715 22.
690 3675 727 3715 9.
787 3675 850 3715 Μ.
872 3673 1050 3716 Livius
1067 3674 1299 3716 Macatus
1311 3683 1419 3715 was
1435 3674 1493 3714 in
1587 3675 1726 3724 haps,
1748 3677 1986 3724 suggests
2002 3682 2033 3713 a
2052 3676 2172 3713 tone
2187 3673 2241 3713 ot
2260 3675 2533 3722 contempt.

493 3742 761 3784 command
779 3742 834 3782 ot
851 3742 937 3782 the
955 3741 1154 3783 cicadel.
1210 3741 1494 3792 According
1638 3741 1715 3784 10.
1815 3737 2240 3784 consuetudine:
2364 3738 2588 3781 “attach-

497 3813 550 3851 ιο
568 3808 809 3860 Polybius
832 3807 912 3848 his
931 3817 1239 3860 praenomen
1255 3817 1361 3849 was
1378 3808 1493 3849 Gai·
1587 3811 1739 3848 ment.
1750 3809 1777 3824 ”

1484 3876 1562 3920 122
