2967 4384
386 204 459 258 lv.
493 205 551 271 5]
1203 201 1434 255 mnu
1465 201 1645 256 xx11
2404 202 2477 255 ετ

392 374 650 436 duobus
687 373 1070 436 consulibus
1110 374 1240 434 duo
1277 373 1655 435 consulares
1690 372 2011 434 exercitus
2046 373 2271 434 amissi
2307 391 2517 434 nun--

331 500 336 504 ·
386 474 752 551 tiabantur,
793 492 914 535 nec
956 475 1094 535 ulla
1132 473 1270 534 iam
1311 478 1528 534 castra
1567 473 1875 534 Romana
1914 491 2034 534 nec
2081 474 2315 534 ducem
2356 491 2476 535 nec

385 575 666 636 militem
727 590 901 650 esse;
959 573 1358 634 Hannibalis
1416 573 1752 650 Apuliam,
1798 572 2142 634 Samnium
2203 591 2280 634 ac
2341 573 2477 635 iam
2513 579 2584 630 1ο

389 691 591 754 prope
635 678 851 735 totam
881 672 1148 734 Italiam
1192 672 1462 734 factam.
1552 673 1748 733 Nulla
1794 671 2088 752 profecto
2135 673 2268 734 alia
2314 691 2475 752 gens

383 779 576 836 tanta
613 775 788 835 mole
832 773 1038 834 cladis
1078 789 1216 832 non
1256 772 1499 834 obruta
1539 778 1728 834 esset.
1819 773 2177 851 Compares
2219 774 2477 835 cladem
2512 783 2582 835 11

386 875 473 935 ad
495 874 762 953 Aegatis
786 873 1036 935 insulas
1059 872 1702 951 Carthaginiensium
1727 873 1973 952 proelio
1996 873 2223 936 navali
2246 891 2478 954 accep—

382 979 547 1051 tam,
595 991 728 1052 qua
769 973 965 1035 fracti
1007 972 1228 1034 Sicilia
1270 991 1348 1034 ac
1392 972 1696 1052 Sardinia
1738 991 1985 1034 cessere
2030 979 2094 1035 et
2137 973 2476 1051 vectigalis

387 1092 465 1136 ac
495 1074 962 1154 stipendiarios
982 1073 1125 1134 fieri
1153 1091 1222 1134 se
1248 1063 1424 1154 passi
1449 1078 1628 1150 sunt,
1652 1079 1768 1134 aut
1801 1090 2096 1153 pugnam
2124 1074 2477 1136 adversam

384 1175 456 1235 in
487 1175 735 1252 Africa,
773 1174 880 1236 cui
917 1180 1145 1254 postea
1177 1174 1286 1235 hic
1321 1174 1460 1254 ipse
1496 1173 1838 1235 Hannibal
1872 1173 2249 1236 succubuit:
2294 1175 2478 1235 nulla

385 1293 463 1336 ex
493 1281 678 1355 parte
706 1275 1171 1354 conparandae
1198 1280 1377 1351 sunt,
1405 1273 1531 1335 nisi
1563 1275 1741 1352 quod
1768 1273 2022 1335 minore
2050 1274 2275 1336 animo
2301 1275 2475 1336 latae

384 1381 559 1437 sunt.

553 1475 682 1537 LV.
731 1475 801 1536 P.
857 1474 1093 1536 Furius
1143 1474 1370 1536 Philus
1423 1479 1486 1535 et
1538 1475 1627 1535 M.
1683 1474 2090 1552 Pomponius
2146 1480 2476 1552 praetores
2511 1475 2545 1528 1

383 1581 693 1637 senatum
739 1575 809 1636 in
857 1574 1110 1636 curiam
1157 1574 1513 1636 Hostiliam
1561 1579 1993 1651 vocaverunt,
2041 1580 2116 1635 ut
2168 1575 2245 1635 de
2293 1575 2477 1636 urbis

383 1675 687 1737 custodia
743 1675 1192 1750 consulerent;
1246 1691 1460 1752 neque
1532 1675 1709 1735 enim
1781 1673 2179 1735 dubitabant
2251 1675 2476 1736 deletis
2508 1679 2546 1732 2

383 1775 774 1836 exercitibus
795 1774 1055 1835 hostem
1076 1774 1163 1834 ad
1186 1774 1710 1852 oppugnandam
1730 1774 2039 1852 Romam,
2067 1774 2244 1852 quod
2264 1791 2477 1834 unum

381 1893 551 1955 opus
617 1874 769 1936 belli
830 1879 1127 1950 restaret,
1193 1878 1571 1935 venturum.
1666 1873 1833 1934 Cum
1895 1873 1965 1934 in
2025 1874 2221 1935 malis
2282 1874 2476 1935 sicuti
2508 1883 2545 1936 3

379 1975 760 2054 ingentibus
804 1973 899 2036 ita
941 1973 1183 2052 ignotis
1230 1991 1312 2034 ne
1362 1973 1710 2034 consilium
1762 1973 2031 2051 quidem
2075 1974 2234 2036 satis
2280 1992 2475 2052 expe-

385 2075 620 2152 dirent,
665 2073 1201 2151 obstreperetque
1248 2073 1499 2134 clamor
1541 2073 2052 2134 lamentantium
2095 2073 2472 2151 mulierum,

381 2181 444 2236 et
509 2174 812 2235 nondum
880 2175 1102 2251 palam
1166 2173 1344 2233 facto
1412 2173 1551 2234 vivi
1618 2173 1995 2254 mortuique
2065 2191 2178 2251 per
2242 2190 2473 2236 omnes

385 2292 590 2353 paene
637 2274 867 2335 domos
911 2273 1280 2351 promiscue
1321 2275 1888 2353 conplorarentur,
1926 2278 2073 2334 tum
2111 2273 2186 2352 Q.
2229 2272 2473 2335 Fabius
2504 2277 2542 2329 4

379 2375 711 2436 Maximus
759 2373 1013 2435 censuit
1062 2373 1316 2451 equites
1364 2373 1703 2451 expeditos
1753 2378 1816 2433 et
1861 2372 2081 2453 Appia
2128 2378 2191 2434 et
2238 2373 2475 2434 Latina

381 2474 494 2536 via
531 2474 912 2550 mittendOS,
961 2473 1074 2551 qui
1115 2472 1348 2534 obvios
1394 2473 1885 2550 percunctando
1914 2507 1996 2516 —
2023 2473 2282 2551 aliquos
2326 2490 2475 2552 pro-

378 2573 553 2636 fecto
607 2593 685 2636 ex
735 2573 897 2652 fuga
955 2573 1200 2652 passim
1258 2572 1606 2652 dissipatos
1658 2573 1797 2634 fore
1826 2607 1909 2616 --
1934 2574 2244 2650 referant,
2304 2591 2472 2651 quae

380 2674 651 2736 fortuna
698 2675 1048 2736 consulum
1095 2679 1298 2751 atque
1340 2673 1747 2734 exercituum
1793 2673 1877 2734 sit
1926 2679 2012 2750 et,
2064 2673 2118 2734 si
2172 2673 2332 2751 quid
2383 2673 2472 2735 dii
2504 2673 2540 2726 5

380 2775 807 2851 immortaleS,
838 2773 1112 2836 miseriti
1148 2773 1431 2852 imperii,
1477 2773 1809 2852 reliquum
1853 2773 2141 2834 Romani
2182 2774 2471 2839 nominis

378 2873 677 2951 fecerint,
738 2873 857 2935 ubi
920 2892 1033 2934 eae
1097 2873 1325 2952 copiae
1373 2873 1539 2950 sint;
1590 2890 1719 2951 quo
1781 2891 1850 2934 se
1910 2873 2252 2934 Hannibal
2323 2878 2470 2953 post

386 2975 706 3053 proelium
754 2973 1124 3050 contulerit,
1182 2972 1341 3050 quid
1394 2979 1600 3052 paret,
1656 2973 1814 3051 quid
1864 2978 2018 3051 agat
2068 2979 2468 3057 acturusque

431 3205 479 3250 9.
533 3204 726 3250 castra
753 3235 766 3248 .
808 3234 820 3248 .
861 3234 874 3248 .
913 3211 1058 3248 esse:
1103 3211 1168 3244 sc.
1215 3202 1374 3242 nunti·
1480 3211 1498 3239 s
1521 3203 1623 3244 LV.
1678 3204 1725 3246 2.
1779 3203 1997 3247 hostem
2019 3234 2031 3248 .
2063 3234 2077 3248 .
2109 3203 2463 3248 ‚venturumz

380 3271 564 3313 abatur.
619 3271 749 3322 Livy
767 3272 988 3320 changes
1005 3270 1140 3310 from
1167 3270 1251 3310 the
1269 3279 1376 3320 per·
1470 3269 1603 3320 Livy
1638 3279 1752 3310 uses
1788 3271 1874 3310 the
1900 3269 2154 3311 infinitivo
2182 3280 2240 3311 as
2266 3271 2379 3311 well
2407 3279 2465 3311 as

381 3340 527 3382 sonal
538 3342 591 3379 to
599 3339 683 3379 the
694 3337 1002 3389 impersonal
1013 3335 1372 3377 construction.
1469 3338 1557 3377 the
1574 3335 1686 3387 quin
1704 3337 1872 3376 clause
1890 3337 2023 3377 atter
2039 3345 2137 3376 non
2155 3335 2336 3377 dubito.

433 3407 511 3450 11.
566 3412 873 3455 compares:
906 3402 1158 3454 potentlal
1193 3404 1248 3443 ot
1290 3404 1376 3443 the
1522 3403 1567 3447 3.
1613 3402 1804 3454 palam
1817 3401 2223 3446 factozablative
2236 3403 2465 3443 abso1ute

379 3471 640 3515 indefinite
657 3471 837 3512 second
853 3479 1049 3521 person.
1104 3468 1176 3514 ad
1199 3468 1373 3520 Aega.-
1468 3469 1688 3513 without
1706 3479 1736 3510 a.
1754 3469 2096 3517 substantive;
2130 3470 2296 3510 “since
2324 3471 2465 3510 there

380 3539 478 3583 tls:
519 3539 606 3579 the
638 3537 790 3578 naval
833 3535 1030 3587 victory
1065 3537 1118 3576 ot
1153 3537 1238 3576 the
1284 3536 1372 3576 Ro·
1468 3544 1574 3576 was
1616 3545 1675 3576 as
1716 3538 1803 3586 yet
1836 3544 1905 3576 no
1961 3541 2366 3576 announcement
2407 3535 2465 3576 in

380 3613 526 3646 mans
542 3606 598 3645 111
622 3604 696 3644 241
715 3610 832 3650 Rc..
851 3601 1018 3642 which
1045 3603 1265 3652 brought
1291 3603 1376 3642 the
1467 3600 1687 3652 public.”

381 3671 492 3712 first
519 3669 888 3720 Carthagiman
923 3677 1032 3710 war
1066 3672 1120 3709 to
1156 3678 1186 3709 a.
1224 3669 1371 3709 close.
1521 3669 1565 3712 ὕ.
1618 3666 1898 3718 reliquum
1948 3699 1962 3713 .
2012 3697 2025 3712 .
2072 3697 2087 3714 .
2133 3666 2390 3712 fecerint:
2417 3679 2457 3706 =

379 3745 622 3790 pugnam
657 3735 715 3780 111
751 3734 960 3779 Africa:
1006 3736 1094 3776 the
1127 3735 1286 3776 battle
1321 3736 1375 3774 ot
1465 3733 1761 3784 reliquerint.

381 3805 534 3848 zama
550 3805 626 3846 202
644 3810 741 3844 nc.
