2967 4384
333 209 472 272 xlvi.
498 211 558 285 7]
1175 207 1406 270 nana
1440 209 1588 270 m
2352 207 2425 270 45

341 387 464 448 diis
514 387 905 450 auctoribus
986 386 1059 447 in
1119 404 1310 466 spem
1369 403 1566 448 suam
1638 385 1921 474 quisque
1981 386 2298 466 acceptis,
2347 387 2419 448 id
2453 382 2490 433 9

335 504 586 566 morae,
639 487 820 567 quod
863 486 1178 578 'nondum
1251 491 1649 565 pugnarent,
1718 485 1809 548 ad
1882 485 2199 565 potienda
2265 504 2417 566 spe-

333 593 481 648 rata
522 587 674 665 rati,
719 586 1046 666 proelium
1073 603 1211 647 uno
1242 585 1471 647 animo
1504 591 1570 648 et
1605 603 1768 647 voce
1798 603 1937 648 una
1973 592 2279 666 poscunt.

505 685 732 749 XLVI.
779 686 981 765 Apud
1011 685 1356 747 Romanos
1387 684 1927 765 haudquaquam
1959 691 2150 748 tanta
2180 686 2416 749 alacri·
2454 683 2485 732 1

335 791 438 848 tas
481 790 647 866 erat,
694 803 896 865 super
941 791 1158 847 cetera
1203 784 1585 847 recentibus
1629 784 1835 847 etiam
1880 786 2145 848 territos
2194 786 2415 866 prodi-

331 886 484 964 giis3
529 904 693 948 nam
731 891 797 948 et
835 886 1038 964 lupus
1077 885 1449 947 intraverat
1491 890 1709 947 castra
1749 885 2154 965 laniatisque
2197 886 2417 948 obviis
2450 883 2485 934 2

331 986 476 1065 ipse
506 985 801 1049 intactus
832 990 1165 1064 evaserat,
1197 991 1262 1047 et
1293 1002 1577 1048 examen
1606 1003 1819 1065 apum
1850 985 1921 1045 in
1950 986 2191 1048 arbore
2228 1004 2414 1065 prae-

332 1086 503 1148 torio
538 1086 933 1148 imminente
972 1085 1386 1147 consederat.
1479 1084 1738 1164 Quibus
1780 1086 2151 1164 procuratis
2194 1084 2415 1165 Scipio
2448 1085 2485 1138 3

332 1204 487 1248 cum
535 1186 844 1266 equitatu
891 1185 1510 1270 iaculatoribusque
1558 1184 1886 1263 expeditis
1940 1185 2277 1264 profectus
2324 1187 2413 1247 ad

332 1292 551 1348 castra
610 1286 908 1348 hostium
964 1303 1045 1347 ex
1106 1285 1488 1364 propinquo
1546 1284 1935 1364 copiasque,
1998 1290 2290 1365 quantae
2349 1292 2415 1348 et

331 1386 521 1448 cuius
557 1385 817 1464 generis
855 1390 1098 1464 essent,
1137 1384 1609 1465 speculandas,
1651 1383 1893 1446 obvius
1930 1386 2006 1446 fit
2044 1385 2415 1448 Hannibali

328 1491 395 1547 et
415 1485 546 1565 ipsi
570 1504 725 1547 cum
748 1484 1090 1565 equitibus
1113 1484 1203 1547 ad
1227 1483 1642 1564 exploranda
1668 1484 1842 1547 circa
1864 1484 2014 1547 loca
2041 1503 2411 1564 progressa

327 1585 558 1647 Neutri
591 1584 837 1648 alteros
875 1586 1091 1665 primo
1126 1584 1519 1663 cernebant3
1572 1583 1837 1646 densior
1875 1584 2116 1647 deinde
2148 1585 2415 1649 incessu
2447 1585 2486 1638 4

330 1690 430 1747 tot
480 1685 834 1747 hominum
886 1691 952 1747 et
1004 1702 1335 1765 equorum
1389 1683 1607 1746 oriens
1664 1683 1885 1763 pulvis
1938 1684 2206 1763 signum
2264 1705 2412 1765 pro-

332 1785 808 1866 pinquantium
836 1783 1135 1847 hostium
1159 1784 1311 1846 fuit.
1405 1769 1721 1846 Consistit
1751 1790 2115 1864 utrumque
2143 1804 2413 1866 agmen,

327 1891 393 1948 et
445 1885 534 1947 ad
593 1885 921 1964 proelium
974 1902 1116 1948 sese
1170 1884 1640 1964 expediebant.
1737 1884 1958 1963 Scipio
2010 1885 2413 1949 iaculatores
2447 1885 2481 1935 5

326 1991 392 2047 et
425 1986 648 2047 Gallos
680 1985 940 2065 equites
972 1985 1044 2045 in
1071 1984 1293 2046 fronte
1325 1985 1527 2063 locat,
1560 1984 1908 2046 Romanos
1940 1985 2413 2067 sociorumque

330 2084 510 2165 quod
542 2084 802 2146 roboris
831 2084 986 2163 fuit,
1019 2084 1091 2144 in
1121 2083 1467 2163 subsidiis3
1515 2084 1861 2146 Hannibal
1890 2084 2191 2147 frenatos
2224 2087 2411 2167 equi-

327 2190 424 2246 tes
448 2184 519 2244 in
543 2183 847 2247 medium
870 2183 1141 2263 accipit,
1168 2201 1420 2246 cornua
1444 2183 1752 2246 Numidis
1777 2184 2024 2248 firmat.
2116 2185 2412 2249 Vixdum
2445 2192 2483 2243 6

325 2285 613 2348 clamore
655 2284 925 2347 sublato
965 2283 1366 2347 iaculatores
1403 2283 1723 2362 fugerunt
1762 2284 1937 2346 inter
1976 2284 2279 2348 subsidia
2320 2288 2409 2348 ad

323 2385 691 2447 secundam
753 2385 992 2448 aciem.
1081 2383 1247 2445 Inde
1311 2384 1619 2463 equitum
1682 2390 2023 2448 certamen
2085 2393 2228 2448 erat
2289 2388 2408 2450 ali-

327 2486 653 2565 quamdiu
700 2504 980 2565 anceps3
1032 2485 1208 2564 dein,
1263 2485 1420 2565 quia
1470 2485 1841 2547 turbabant
1889 2505 2101 2567 equos
2154 2489 2409 2568 pedites

321 2584 710 2664 intermixti,
749 2585 980 2647 multis
1017 2584 1404 2647 labentibus
1441 2603 1523 2646 ex
1560 2586 1753 2665 equis
1776 2592 1895 2648 aut
1924 2587 2409 2667 desilientibuS,

321 2686 440 2747 ubi
480 2704 638 2748 suos
681 2687 893 2766 premi
935 2686 1430 2749 circumventos
1473 2686 1820 2765 vidissent,
1862 2688 2001 2750 iam
2041 2707 2289 2768 magna
2328 2709 2409 2752 ex
2442 2697 2478 2748 7

325 2791 512 2864 parte
550 2785 640 2848 ad
682 2785 886 2865 pedes
928 2803 1152 2865 pugna
1194 2790 1492 2864 venerat,
1538 2786 1747 2848 donec
1786 2788 2141 2869 Numidae,
2186 2789 2300 2870 qui
2336 2789 2409 2850 in

321 2886 640 2948 cornibus
676 2892 892 2964 erant,
933 2886 1364 2948 circumvecti
1407 2887 1687 2964 paulum
1723 2888 1812 2949 ab
1852 2894 2038 2968 tergo
2078 2909 2147 2952 se
2189 2898 2406 2953 osten-

324 2985 584 3048 derunt.
676 2984 742 3048 Is
793 3002 1006 3065 pavor
1033 2984 1312 3064 perculit
1336 2985 1705 3064 Romanos,
1732 2988 2055 3068 auxitque
2084 3007 2408 3069 pavorem

369 3134 414 3177 9.
472 3131 584 3177 dns
650 3131 998 3178 auctoribus:
1075 3143 1107 3175 a
1181 3131 1315 3183 legal
1461 3133 1509 3177 3.
1563 3136 1907 3185 procuratis:
2002 3140 2090 3179 the
2156 3140 2407 3182 technical

317 3200 514 3250 phrase.
568 3200 671 3240 The
689 3201 816 3251 gods
845 3210 932 3242 are
964 3205 1019 3241 to
1035 3205 1314 3251 guarantee
1407 3201 1547 3242 word
1590 3204 1673 3243 for
1715 3205 2029 3256 pertormlng
2076 3207 2163 3247 the
2223 3216 2408 3258 proper

318 3267 762 3318 thererformance
774 3267 1139 3308 otHannibal’s
1150 3276 1314 3318 prom·
1407 3269 1717 3310 ceremonies
1752 3274 1807 3310 to
1836 3272 2035 3321 placate
2064 3274 2151 3312 the
2180 3275 2405 3314 offended

317 3333 403 3374 ise.
458 3332 716 3384 quisque:
759 3334 816 3374 in
848 3334 988 3374 loose
1022 3334 1316 3385 apposition
1407 3336 1547 3385 gods.
1604 3336 1815 3380 castra:
1868 3348 1935 3379 sc.
1980 3338 2282 3386 speculanda.
2338 3350 2406 3385 ex

316 3400 630 3441 with'omnee.
660 3400 1042 3449 mortemne„
1062 3399 1316 3444 :mov-ari.
1408 3401 1739 3453 propinquo:
1788 3413 1855 3444 an
1896 3406 2157 3448 adverbial
2199 3409 2401 3459 phrase:

315 3466 586 3519 potienda.
623 3468 876 3517 sperata:
927 3468 1014 3507 the
1036 3467 1314 3516 gerundivo
1410 3471 1565 3509 “near
1582 3473 1638 3510 at,
1654 3471 1838 3510 hand.”

317 3534 363 3575 is
388 3534 610 3585 possible
635 3534 845 3574 because
864 3532 1029 3582 potior
1045 3533 1090 3573 is
1106 3534 1265 3584 really
1284 3544 1314 3575 a
1456 3537 1506 3578 4.
1562 3535 1803 3587 signum:
1834 3537 1917 3578 the
1929 3539 2101 3580 dative
2118 3542 2172 3580 ot
2188 3551 2407 3593 purpose

317 3598 586 3640 transitive
623 3601 755 3640 verb.
812 3600 874 3640 In
901 3599 1043 3650 early
1078 3600 1234 3640 Latin
1272 3600 1315 3640 it.
1407 3603 1573 3642 would
1595 3603 1724 3643 have
1742 3605 1863 3643 been
1883 3609 2136 3655 expected.

317 3675 536 3718 governs
553 3667 640 3706 the
657 3666 960 3708 accusative.
1461 3671 1506 3712 δ.
1563 3668 1949 3721 sociorumque
1978 3703 1989 3716 .
2022 3703 2033 3716 .
2069 3704 2080 3715 .
2102 3673 2232 3718 fuit:
2290 3676 2407 3716 “the

367 3733 544 3774 XLVI.
574 3734 623 3777 2.
659 3733 971 3785 praetorio:
999 3733 1171 3775 dative
1188 3733 1315 3774 with
1409 3735 1580 3775 ssower
1596 3737 1650 3775 ot
1670 3737 1755 3776 the
1773 3737 1965 3778 allies.·’

315 3797 606 3841 imminente.
