2967 4384
511 269 618 323 124
1367 260 1374 268 ·
1436 263 1497 318 r.
1530 261 1695 318 1.1v1
2374 263 2494 330 [xv.
2530 261 2603 317 ιε
2670 236 2674 244 “

401 455 476 506 18
507 441 707 505 tionis
735 438 1119 503 conciliator
1144 438 1595 514 nuntiaverat,
1624 435 1829 498 iubet.
1918 435 2019 496 Ea
2050 432 2341 513 primum
2368 441 2606 512 captus

510 550 606 605 est
671 559 902 603 murus
965 538 1444 602 adiuvantibus
1508 535 2113 617 recipientibusque
2177 538 2473 618 BruttiiS‚
2540 550 2605 606 et

507 651 969 707 transcensum
1021 639 1092 700 in
1143 639 1381 700 urbem
1433 645 1560 715 est;
1613 637 1768 699 inde
1820 644 1884 699 et
1942 654 2266 716 proxuma
2318 639 2606 705 refracta

403 749 475 800 19
515 750 726 822 porta,
760 749 837 805 ut
868 737 1202 820 frequenti
1236 737 1502 817 agmine
1536 736 1724 816 signa
1759 736 2179 801 inferrentur.
2267 739 2438 801 Tum
2473 741 2605 804 cla-

510 859 694 904 more
729 841 994 902 sublato
1027 840 1153 901 sub
1191 846 1412 901 ortum
1442 838 1654 898 ferme
1688 837 1853 899 lucis
1886 839 2072 900 nullo
2109 838 2310 900 obvio
2344 850 2607 906 armato

509 944 581 1004 in
616 944 840 1006 forum
880 943 1297 1023 perveniunt,
1339 961 1701 1022 omnesque
1740 943 2060 1022 undique,
2106 944 2218 1023 qui
2256 945 2343 1005 ad
2382 962 2606 1007 arcem

442 1051 475 1100 1
517 1052 914 1123 portumque
957 1044 1369 1122 pugnabant5
1407 1043 1478 1103 in
1515 1061 1585 1105 se
1607 1052 2100 1107 converterunt.
2189 1045 2362 1108 XVI.
2408 1046 2604 1107 Proe-

510 1143 677 1204 lium
723 1143 795 1204 in
840 1143 1030 1207 aditu
1074 1142 1204 1205 fori
1252 1142 1503 1204 maiore
1550 1143 1807 1222 impetu
1860 1162 2063 1223 quam
2114 1144 2606 1224 perseverantia

515 1243 944 1307 commissum
984 1250 1110 1306 est:
1151 1261 1289 1305 non
1329 1243 1578 1321 animo,
1621 1261 1757 1305 non
1798 1243 2024 1322 armis,
2066 1261 2203 1306 non
2242 1252 2385 1307 arte
2430 1244 2604 1323 belli,

478 1425 484 1431 ι
513 1361 650 1405 non
693 1343 914 1422 vigore
954 1362 1034 1406 ac
1077 1343 1328 1406 viribus
1370 1343 1662 1422 corporis
1707 1361 1825 1422 par
1864 1345 2171 1406 Romano
2210 1344 2606 1408 Tarentinus

443 1448 480 1500 2
514 1452 676 1508 erat.
764 1445 974 1524 Igitur
1017 1443 1164 1524 pilis
1204 1451 1473 1506 tantum
1516 1444 1850 1521 coniectiS,
1897 1445 2077 1522 prius
2124 1462 2354 1524 paene,
2403 1463 2607 1525 quam

515 1553 927 1608 consererent
1006 1562 1269 1623 manus,
1345 1552 1534 1622 terga
1615 1544 1958 1623 dederunt,
2042 1543 2411 1625 dilapsique
2492 1563 2607 1624 per

515 1652 675 1708 nota
722 1644 905 1705 urbis
952 1644 1188 1706 itinera
1235 1644 1307 1705 in
1353 1662 1510 1705 suas
1559 1643 2060 1723 amicorumque
2114 1643 2366 1708 domoS.
2455 1645 2608 1707 Duo

445 1746 482 1798 3
514 1763 596 1806 ex
674 1731 950 1806 ducibus
1023 1743 1184 1806 Nico
1259 1752 1322 1807 et
1399 1745 1826 1806 Democrates
1898 1744 2157 1808 fortiter
2236 1753 2608 1824 pugnantes

518 1844 836 1923 cecidere3
893 1843 1335 1922 Philemenus,
1397 1842 1510 1923 qui
1569 1843 1958 1922 proditionis
2012 1844 2101 1906 ad
2158 1845 2609 1907 Hannibalem

517 1952 749 2008 auctor
782 1945 1022 2024 fuerat,
1061 1962 1216 2007 cum
1253 1944 1455 2007 citato
1492 1961 1666 2024 equo
1703 1961 1781 2006 ex
1822 1944 2067 2023 proelio
2104 1953 2379 2008 avectus
2416 1954 2609 2025 esset,

448 2055 485 2106 4
523 2062 772 2108 vacuus
829 2046 1026 2124 paulo
1082 2052 1228 2124 post
1282 2061 1495 2124 equus
1546 2061 1773 2106 errans
1829 2062 1943 2124 per
1994 2044 2232 2107 urbem
2285 2046 2609 2125 cognituS,

521 2163 760 2224 corpus
809 2162 1146 2225 nusquam
1193 2144 1547 2208 inventum
1595 2153 1719 2208 est:
1772 2143 2097 2207 creditum
2149 2146 2351 2224 vulgo
2400 2153 2498 2209 est
2545 2145 2617 2206 in

451 2258 486 2308 5
523 2254 799 2325 puteum
847 2253 1158 2326 apertum
1208 2263 1285 2306 ex
1337 2262 1512 2324 equo
1568 2243 2055 2323 praecipitasse.
2147 2245 2617 2308 Carthalonem

519 2354 768 2424 autem,
819 2345 1228 2424 praefectum
1275 2344 1506 2408 Punici
1556 2344 1885 2424 praesidii,
1935 2364 2089 2408 cum
2136 2364 2616 2410 commemora-

518 2446 698 2508 tione
749 2445 1004 2526 paterni
1051 2445 1321 2524 hospitii
1372 2445 1601 2524 positis
1645 2447 1850 2508 armis
1899 2446 2278 2509 venientem
2324 2447 2413 2510 ad
2461 2463 2616 2510 con-

451 2554 488 2606 6
520 2547 731 2608 sulem
783 2546 971 2608 miles
1025 2545 1265 2608 obvius
1319 2546 1694 2609 obtruncat.
1782 2545 1911 2608 Alii
1963 2546 2128 2609 alios
2184 2546 2431 2627 passim
2474 2546 2615 2609 sine

419 2694 427 2703 .
526 2646 899 2709 discrimine
977 2655 1272 2709 armatos
1351 2646 1756 2726 inermisque
1857 2647 2168 2726 caedunt,
2271 2645 2613 2725 Carthagi—

520 2747 780 2809 nienses
827 2746 1350 2826 Tarentinosque
1403 2747 1666 2826 pariter.
1756 2746 1999 2810 Bruttii
2078 2765 2344 2829 quoque
2419 2746 2614 2811 multi

525 2847 771 2926 passim
825 2846 1174 2924 interfecti,
1231 2865 1349 2908 seu
1408 2864 1522 2925 per
1578 2864 1867 2909 errorem
1922 2864 2040 2910 seu
2098 2856 2318 2912 vetere
2374 2847 2446 2908 in
2500 2865 2615 2909 eos

519 2947 718 3010 insito
781 2947 934 3008 odio
996 2965 1113 3009 seu
1173 2946 1262 3008 ad
1329 2945 1719 3025 proditionis
1777 2947 2057 3026 fam,
2120 2955 2194 3011 ut
2261 2947 2328 3008 vi
2394 2946 2614 3027 potius

519 3055 587 3110 at
598 3065 723 3127 que
753 3047 956 3109 armis
987 3054 1260 3126 captum
1289 3047 1651 3108 Tarentum
1684 3045 2039 3125 videretur,
2072 3046 2612 3126 extinguendam.

450 3155 486 3207 ’1
519 3149 691 3209 Tum
724 3165 766 3209 a
801 3146 1003 3209 caede
1039 3146 1126 3208 ad
1173 3144 1614 3224 diripiendam
1669 3146 1907 3207 urbem
1946 3145 2337 3209 discursum.
2430 3145 2614 3208 Milia

519 3247 790 3326 triginta
838 3246 1178 3309 servilium
1228 3245 1527 3325 capitum
1579 3245 1888 3308 dicuntur
1936 3254 2156 3325 capta,
2206 3246 2463 3326 argenti
2514 3246 2615 3308 vis

519 3347 751 3425 ingens
786 3346 950 3410 facti
986 3345 1382 3425 signatique,
1420 3345 1567 3408 auri
1606 3344 1941 3424 octoginta
1976 3346 2107 3430 tria
2142 3346 2327 3408 milia
2369 3347 2613 3425 pondo,

521 3449 709 3528 signa
773 3458 835 3514 et
900 3451 1193 3527 tabulae,
1263 3467 1465 3528 prope
1532 3456 1606 3512 ut
1676 3451 2155 3528 Syracusarum
2223 3457 2614 3512 ornamenta

570 3615 704 3658 XVI.
757 3617 805 3659 4.
861 3623 1096 3660 vacuus:
1169 3614 1420 3656 “without
1488 3624 1519 3656 a
1615 3615 1852 3665 frequent
1880 3623 1937 3656 as
1955 3613 2082 3656 with
2110 3622 2294 3664 corpus.
2352 3611 2445 3655 See
2458 3613 2521 3654 21.
2548 3613 2609 3655 13.

520 3682 704 3725 ridor-,³²
756 3684 1187 3734 praecipitasse:
1226 3681 1513 3724 ct.25.11.6.
1610 3682 1650 3722 7.
1704 3681 1848 3727 facti
1862 3682 2497 3734 signatique:“wrougnt
2512 3682 2612 3723 and

573 3751 620 3794 6.
675 3749 869 3794 insito:
891 3761 955 3791 sc.
977 3750 1184 3800 maenio.
1238 3749 1311 3790 Ct-
1332 3750 1396 3790 22.
1417 3749 1455 3788 3.
1475 3749 1514 3788 4.
1612 3749 1845 3800 stamped
1906 3749 2112 3790 silver.”
2181 3747 2609 3800 Syracusarum:

576 3817 623 3861 ’1.
677 3816 974 3862 servilium
1013 3816 1284 3867 capitum:
1320 3825 1517 3856 :ser-vo·
1612 3819 1669 3857 at
1687 3817 1773 3857 the
1790 3820 2002 3866 capture
2027 3815 2083 3856 ot
2108 3813 2373 3866 Syracuse,
2397 3816 2485 3856 the
2516 3815 2612 3856 Ro·

523 3890 645 3924 rum.
701 3883 804 3924 The
831 3883 1142 3935 periphrasis
1169 3882 1294 3924 with
1315 3881 1454 3933 caput
1471 3883 1517 3923 is
1612 3892 1733 3924 man
1776 3882 1997 3934 general,
2034 3882 2319 3933 Marcellus,
2356 3880 2613 3940 despossed
