2967 4384
463 264 536 319 82
1375 257 1438 314 r.
1484 256 1650 314 1.1v1
1754 325 1759 330 ,
2311 255 2495 327 [xlvii.
2524 257 2555 312 1

469 453 692 514 pugna
717 433 978 496 levibus
1009 433 1299 512 primum
1325 431 1529 494 armis
1556 430 1943 508 commissa;
1992 431 2227 494 deinde
2255 430 2557 510 equitum

466 536 806 597 Gallorum
878 532 1467 611 Hispanorumque
1512 533 1784 593 laevum
1855 549 2063 592 cornu
2118 548 2274 592 cum
2329 531 2555 592 dextro

393 653 429 703 2
464 637 769 696 Romano
797 631 1149 709 concurrit,
1177 631 1450 692 minime
1477 631 1799 710 equestris
1825 648 2008 692 more
2040 647 2332 709 pugnae3
2376 631 2557 691 fron-

462 735 642 797 tibus
675 734 855 795 enim
887 731 1184 794 adversis
1218 731 1747 792 concurrendum
1780 736 1942 808 erat,
1978 730 2133 809 quia
2164 731 2347 792 nullo
2382 730 2554 791 circa

465 835 552 896 ad
595 833 1021 913 evagandum
1063 831 1289 892 relicto
1333 831 1551 909 spatio
1594 829 1749 891 hinc
1788 831 2026 908 amnis,
2055 831 2210 891 hinc
2258 831 2557 909 peditum

395 948 432 998 3
466 935 639 997 acies
677 933 1097 996 claudebant.
1188 932 1270 991 In
1311 931 1649 993 derectum
1684 931 2018 1008 utrimque
2055 931 2338 993 nitentes
2375 938 2557 993 stan-

462 1035 642 1095 tibus
709 1052 788 1096 ac
857 1032 1169 1095 confertis
1244 1038 1576 1110 postremo
1643 1029 1842 1092 turba
1910 1031 2097 1109 equis
2166 1031 2269 1093 vir
2337 1032 2555 1093 virum

464 1135 811 1213 amplexus
872 1133 1261 1196 detrahebat
1324 1149 1519 1210 equo.
1609 1131 1696 1192 Pe
1705 1131 1914 1192 destre
1975 1149 2222 1212 magna
2280 1132 2417 1193 iam
2474 1150 2553 1194 ex

469 1241 650 1313 parte
685 1240 1019 1296 certamen
1052 1235 1307 1294 factum
1341 1239 1516 1308 erat3
1560 1231 1775 1294 acrius
1807 1238 2034 1294 tamen
2072 1250 2273 1311 quam
2310 1233 2556 1295 diutius

469 1341 838 1413 pugnatum
882 1339 1001 1411 est,
1053 1333 1354 1412 pulsique
1401 1332 1689 1393 Romani
1736 1332 1989 1410 equites
2033 1338 2219 1412 terga
2264 1339 2552 1396 vertunt.

398 1435 435 1486 4
466 1435 600 1496 Sub
672 1434 991 1514 equestris
1060 1433 1264 1493 finem
1337 1432 1715 1494 certaminis
1785 1438 2013 1494 coorta
2082 1438 2180 1494 est
2259 1433 2555 1511 peditum

470 1519 712 1612 pugna,
772 1533 983 1611 primo
1037 1538 1102 1593 et
1159 1531 1412 1593 viribus
1466 1538 1531 1593 et
1586 1531 1825 1593 animis
1883 1549 2023 1609 par,
2082 1533 2243 1593 dum
2296 1540 2557 1594 consta-

398 1640 432 1690 5
471 1635 629 1695 bant
677 1632 939 1695 ordines
987 1633 1188 1694 Gallis
1234 1632 1718 1710 Hispanisque3
1760 1633 2035 1693 tandem
2080 1633 2390 1710 Romani,
2443 1633 2556 1694 diu

465 1752 542 1795 ac
589 1751 784 1811 saepe
831 1733 1057 1810 conisi,
1105 1731 1379 1812 obliqua
1424 1732 1641 1793 fronte
1688 1731 1960 1809 acieque
2011 1733 2214 1794 densa
2257 1732 2555 1810 inpulere

464 1833 758 1895 hostium
801 1849 1088 1893 cuneum
1131 1831 1330 1892 nimis
1374 1837 1646 1893 tenuem
1689 1848 1901 1909 eoque
1950 1849 2187 1909 parum
2231 1832 2555 1908 validum,

397 1942 434 1994 6
467 1952 508 1994 a
543 1939 759 1994 cetera
796 1931 1277 2010 prominentem
1312 1931 1474 1993 acie.
1566 1931 1877 2009 Impulsis
1918 1931 2153 1993 deinde
2186 1950 2265 2014 ac
2299 1931 2555 2010 trepide

467 2031 898 2102 referentibus
953 2033 1190 2110 pedem
1239 2031 1555 2109 institere,
1607 2049 1686 2093 ac
1735 2037 1962 2092 tenore
2012 2049 2147 2093 uno
2204 2048 2318 2110 per
2372 2049 2557 2111 prae-

466 2150 619 2210 ceps
649 2149 892 2209 pavore
918 2130 1317 2210 fugientium
1343 2148 1584 2210 agmen
1609 2130 1681 2191 in
1705 2131 2000 2193 mediam
2028 2131 2319 2210 primum
2343 2131 2556 2193 aciem

464 2231 652 2293 inlati
713 2237 1043 2309 postremo
1100 2232 1284 2291 nullo
1345 2230 1684 2292 resistente
1742 2231 1831 2292 ad
1888 2231 2186 2293 subsidia
2240 2231 2555 2292 Afrorum

394 2350 429 2402 ¹7
469 2336 928 2409 pervenerunt,
997 2330 1108 2408 qui
1171 2330 1506 2408 utrimque
1569 2349 1637 2391 re
1645 2329 1857 2392 ductis
1917 2330 2039 2392 alis
2101 2331 2554 2408 constiterant,

467 2431 708 2508 media,
750 2447 881 2508 qua
917 2429 1085 2491 Galli
1121 2429 1535 2508 Hispanique
1572 2436 1910 2507 steterant,
1948 2431 2369 2509 aliquantum
2407 2449 2557 2509 pro-

398 2543 434 2593 8
467 2531 756 2592 minente
796 2529 956 2592 acie.
1047 2529 1172 2608 Qui
1213 2547 1462 2591 cuneus
1510 2535 1586 2591 ut
1639 2531 1865 2608 pulsus
1902 2530 2218 2608 aequavit
2266 2530 2557 2592 frontem

470 2630 779 2707 primum,
818 2629 969 2690 dein
1001 2629 1297 2692 cedendo
1331 2629 1534 2692 etiam
1565 2629 1787 2691 sinum
1817 2630 1888 2691 in
1919 2630 2141 2691 medio
2178 2630 2379 2708 dedit,
2411 2629 2556 2691 Afri

467 2730 639 2791 circa
694 2729 832 2791 iam
890 2731 1148 2792 cornua
1199 2730 1515 2807 fecerant,
1572 2730 2107 2809 irruentibusque
2163 2730 2427 2792 incaute
2482 2730 2556 2790 in

466 2829 763 2890 medium
812 2829 1134 2891 Romanis
1185 2830 1675 2891 circumdedere
1726 2831 1889 2908 alaS,
1941 2847 2097 2891 mox
2148 2848 2396 2892 cornua
2448 2849 2558 2892 ex-

398 2951 434 3002 9
466 2929 800 2990 tendendo
860 2931 1152 2991 clausere
1211 2936 1274 2991 et
1332 2929 1420 2991 ab
1476 2935 1661 3006 tergo
1718 2929 1947 2992 hostis,
2036 2929 2209 2992 Hinc
2267 2929 2556 2991 Romani

426 3056 448 3082 ὀ
473 3029 763 3090 defuncti
805 3029 1217 3106 nequiquam
1262 3029 1506 3106 proelio
1540 3046 1699 3106 une,
1732 3029 1991 3090 omissis
2025 3029 2228 3091 Gallis
2267 3029 2558 3109 Hispan-

467 3128 677 3206 isque,
712 3145 995 3206 quorum
1022 3135 1206 3206 terga
1235 3129 1633 3206 ceciderant,-
1662 3130 1982 3192 adversus
2008 3129 2203 3190 Afros
2230 3129 2559 3208 integram

520 3342 721 3383 XLVII.
780 3342 823 3385 1.
879 3341 1097 3386 levibus
1117 3340 1310 3386 armis:
1331 3340 1468 3382 :levi
1609 3344 1656 3386 3.
1697 3341 1885 3386 acrius
1907 3341 2553 3393 quamc1ut1uszse024.3.

470 3409 728 3455 armatura,
774 3409 971 3449 treated
1031 3418 1088 3450 as
1145 3408 1466 3450 instrument
1612 3410 1657 3452 δ.
1709 3409 1939 3460 obliqua
1986 3407 2193 3454 fronte:
2226 3409 2289 3450 “a
2315 3414 2558 3452 crescent·

471 3477 645 3518 rather
663 3477 787 3516 than
805 3485 864 3515 as
882 3478 1048 3525 agent.
1560 3477 1749 3526 shaped
1766 3477 1915 3517 line.”
2456 3467 2469 3478 ⁶

522 3544 570 3586 2.
623 3540 906 3585 frontibus
925 3539 1393 3585 adversis:“tront
1412 3545 1466 3582 to
1611 3543 1658 3586 6.
1713 3541 1995 3594 impulsis:
2032 3553 2099 3584 so.
2130 3542 2359 3590 hostibus,
2387 3543 2561 3585 dative

473 3609 669 3656 front'‘;
708 3617 776 3648 on
810 3611 1027 3649 account
1060 3609 1115 3648 ot
1146 3609 1234 3648 the
1267 3608 1466 3649 limited
1559 3608 1685 3649 wlth
1709 3607 1937 3649 institere.
2005 3609 2199 3654 tenore
2229 3618 2361 3654 uno:
2384 3610 2560 3651 “with-

474 3684 634 3728 spaoe,
656 3675 797 3715 there
821 3684 927 3716 was
945 3683 1012 3714 no
1030 3675 1366 3725 opportunity
1384 3676 1468 3715 tor
1558 3679 1651 3716 out
1667 3675 2063 3728 interruption.”
2101 3677 2283 3720 nullo:
2316 3686 2397 3718 see
2415 3675 2452 3716 8.
2468 3679 2506 3717 7.

476 3744 561 3783 the
572 3741 720 3782 usual
734 3750 1034 3782 maneuvers
1045 3740 1130 3790 (ad
1142 3741 1465 3792 ευαραηᾶαηι),
1611 3743 1657 3786 8.
1713 3742 1980 3794 aequant
1996 3742 2258 3787 frontem:
2286 3743 2362 3784 1.e.
2384 3744 2561 3784 “made

476 3818 534 3849 so
568 3809 684 3849 that
716 3807 846 3858 Livy
881 3807 1077 3857 rightly
1109 3816 1230 3858 says
1251 3807 1468 3848 “minime
1560 3818 1628 3849 an
1678 3818 1803 3850 even
1862 3810 2055 3850 front.”
2140 3809 2326 3856 alnum
2377 3809 2558 3858 deditz

476 3873 705 3926 equestris
721 3882 850 3914 more
863 3874 1106 3926 puqnae.”
1221 3881 1226 3885 ’
1564 3877 1779 3918 “curved
1796 3875 2020 3918 inwards
2040 3877 2069 3898 ”
