2967 4384
502 261 611 315 138
1421 257 1484 312 r.
1522 256 1687 311 Lm
2460 257 2536 326 [n.
2562 259 2595 311 1

499 433 714 494 omnis
757 438 941 494 aetas
985 447 1244 494 currere
1290 429 1496 508 obvii,
1545 430 1796 508 primus
1844 429 1990 510 quis
1999 447 2123 509 que
2170 431 2377 493 oculis
2421 430 2596 493 auri-

427 541 462 592 2
502 534 756 611 busque
807 532 1072 594 haurire
1126 537 1392 594 tantum
1441 531 1767 610 gaudium
1817 531 2179 610 cupientes
2267 531 2373 594 Ad
2424 533 2595 592 Mul-

428 639 464 690 3
499 633 686 693 vium
722 648 934 708 usque
978 637 1251 709 pontem
1289 630 1635 692 continens
1673 647 1914 708 agmen
1956 630 2277 709 pervenit.
2369 630 2595 710 Legati

501 767 580 774 -—
604 732 652 792 ii
692 736 880 792 erant
921 730 991 793 L.
1036 730 1343 791 Veturius
1384 730 1575 790 Philo
1616 730 1686 791 P.
1730 730 2020 792 Licinius
2061 732 2273 792 Varus
2314 732 2388 810 Q.
2433 732 2595 792 Cae-

496 832 684 894 cilius
750 831 1055 892 Metellus
1083 865 1165 872 —
1191 829 1575 891 circumfusi
1642 831 1857 892 omnis
1923 831 2178 910 generis
2242 831 2595 892 hominum

495 931 870 1010 frequentia
923 930 995 991 in
1046 930 1271 990 forum
1328 935 1793 1009 pervenerunt,
1848 946 2004 991 cum
2058 930 2170 991 alii
2223 930 2425 1008 ipsoS,
2480 929 2593 991 alii

428 1036 465 1088 4
497 1031 770 1093 comites
815 1047 1067 1107 eorum,
1118 1047 1285 1108 quae
1330 1035 1481 1090 acta
1526 1036 1764 1106 essent,
1813 1035 2417 1108 percunctarentur.
2508 1032 2592 1092 Et

493 1138 568 1192 ut
631 1131 908 1210 quisque
965 1130 1268 1192 audierat
1326 1129 1688 1190 exercitum
1741 1130 2037 1190 hostium
2092 1129 2593 1207 imperatorem-

501 1248 625 1310 que
670 1230 984 1309 occisum,
1025 1229 1315 1310 legiones
1357 1230 1699 1292 Romanas
1740 1228 2126 1308 incolumeS,
2171 1231 2392 1293 salvos
2436 1247 2592 1292 con-

494 1333 669 1393 sules
717 1349 880 1408 esse,
931 1332 1262 1409 extemplo
1311 1328 1457 1390 aliis
1511 1347 1705 1408 porro
1752 1327 2223 1407 impertiebant
2272 1329 2593 1409 gaudium

426 1451 462 1502 5
494 1448 712 1494 suum.
804 1431 974 1491 Cum
1021 1447 1214 1508 aegre
1262 1427 1334 1488 in
1385 1428 1642 1489 curiam
1693 1435 2090 1506 perventum
2138 1422 2329 1506 esset,
2381 1431 2591 1490 multo

495 1531 753 1610 aegrius
791 1536 1128 1591 summota
1164 1528 1385 1605 turba,
1425 1547 1508 1590 ne
1552 1528 1851 1606 patribus
1889 1529 2297 1606 misceretur,
2336 1530 2591 1591 litterae

495 1630 565 1690 in
616 1635 851 1690 senatu
902 1629 1216 1691 recitatae
1269 1634 1445 1690 sunt.
1536 1629 1700 1689 Inde
1752 1628 2041 1690 traducti
2094 1628 2164 1688 in
2216 1629 2593 1690 contionem

429 1751 466 1802 6
495 1729 714 1808 legati.
806 1729 876 1791 L.
917 1728 1224 1790 Veturius
1261 1727 1496 1789 litteris
1533 1728 1822 1789 recitatis
1859 1728 1999 1805 ipse
2043 1728 2305 1806 planius
2344 1728 2590 1804 omnia,

507 1847 672 1907 quae
738 1835 888 1890 acta
953 1833 1162 1904 erant,
1197 1827 1500 1905 exposuit
1564 1843 1720 1888 cum
1781 1827 2032 1905 ingenti
2082 1829 2391 1904 adsensu,
2435 1845 2591 1907 pos-

496 1936 708 1991 tremo
791 1928 995 1990 etiam
1058 1929 1344 1989 clamore
1425 1926 1777 1988 universae
1843 1927 2190 2003 contionis,
2258 1945 2413 1988 cum
2479 1928 2591 1989 vix

431 2047 466 2099 ¹¹1
498 2029 818 2108 gaudium
884 2027 1122 2089 animis
1190 2033 1523 2105 caperent.
1615 2027 2004 2087 Discursum
2069 2026 2223 2088 inde
2292 2027 2380 2088 ab
2447 2028 2593 2091 aliis

500 2130 674 2191 circa
710 2129 961 2206 templa
1001 2127 1221 2204 deum,
1244 2131 1319 2187 ut
1355 2133 1575 2205 grates
1612 2132 1904 2204 agerent,
1929 2127 2017 2187 ab
2055 2126 2201 2188 aliis
2245 2128 2497 2204 domOS,
2520 2134 2595 2189 ut

500 2227 890 2306 coniugibus
930 2225 1152 2286 liberis
1161 2242 1284 2302 que
1326 2231 1469 2287 tam
1510 2225 1763 2286 laetum
1803 2224 2117 2286 nuntium
2157 2225 2591 2305 impertirent.

430 2345 467 2397 8
499 2329 798 2404 Senatus,
858 2327 1036 2405 quod
1087 2326 1179 2388 M.
1239 2325 1465 2387 Livius
1520 2331 1584 2386 et
1638 2326 1709 2387 C.
1766 2325 2084 2386 Claudius
2137 2327 2440 2387 consules
2492 2327 2594 2386 in-

500 2427 743 2489 columi
781 2425 1068 2488 exercitu
1110 2424 1347 2486 ducem
1381 2422 1679 2485 hostium
1714 2423 2137 2504 legionesque
2178 2425 2592 2502 occidissent,

498 2525 1054 2605 supplicationem
1093 2523 1164 2584 in
1206 2522 1511 2586 triduum·
1554 2523 1862 2587 decrevit.
1952 2525 2123 2586 Eam
2166 2525 2596 2604 supplicatio-

497 2644 654 2687 nem
700 2627 770 2688 C.
821 2623 1142 2686 Hostilius
1194 2629 1455 2703 praetor
1506 2640 1624 2702 pro
1673 2623 1979 2685 contione
2029 2623 2254 2702 edixit,
2305 2624 2596 2686 celebra-

429 2745 468 2797 9
499 2732 703 2805 taque
764 2743 807 2787 a
869 2725 1028 2786 viris
1089 2709 1488 2802 feminisque
1552 2727 1679 2799 est;
1742 2724 2101 2803 omniaque
2164 2725 2416 2803 templa
2482 2742 2596 2803 per

498 2830 717 2887 totum
758 2825 1060 2886 triduum
1105 2825 1457 2902 aequalem
1500 2822 1773 2883 turbam
1815 2824 2130 2900 habuere,
2161 2841 2318 2885 cum
2347 2829 2595 2885 matro-

498 2944 622 2987 nae
667 2925 1077 3002 amplissima
1120 2931 1300 2985 veste
1347 2940 1503 2984 cum
1543 2922 1788 2999 liberis,
1838 2924 2108 3001 perinde
2151 2942 2229 2985 ac
2274 2924 2331 2984 si
2377 2923 2596 2985 debel-

498 3028 712 3088 latum
782 3025 974 3102 foret,
1050 3024 1232 3085 omni
1305 3024 1560 3084 solutae
1635 3029 1817 3083 metu
1897 3023 2033 3084 deis
2105 3022 2596 3084 immortalibus

500 3132 714 3205 grates
751 3130 1040 3203 agerent.

392 3225 463 3277 11
671 3225 739 3286 C.
795 3223 1109 3284 Claudius
1162 3222 1392 3283 consul
1444 3237 1601 3281 cum
1650 3220 1721 3280 in
1773 3228 1990 3283 castra
2042 3221 2339 3298 redisset,
2394 3228 2595 3300 caput

551 3406 633 3448 LI.
689 3405 733 3448 1.
789 3401 966 3448 omnis
1025 3401 1206 3446 aetas:
1247 3398 1502 3441 :homines
1597 3399 1683 3440 the
1702 3401 1985 3453 eompound
2004 3402 2139 3442 verb.

503 3473 655 3515 omnis
675 3471 856 3512 αείαίίκ-
913 3469 1084 3515 obvii:
1115 3473 1406 3520 agreement
1424 3479 1504 3510 ac·
1647 3469 1694 3512 7.
1748 3471 1959 3521 grates:
1992 3480 2071 3510 see
2088 3469 2150 3509 23.
2174 3469 2233 3509 11.
2262 3468 2317 3508 12.

503 3541 710 3590 cording
731 3544 783 3580 to
804 3547 959 3579 sense.
1647 3536 1694 3580 8.
1748 3534 2105 3581 occidissent:
2185 3534 2465 3584 subjective
2518 3535 2595 3575 be-

555 3609 601 3652 3.
657 3607 828 3658 meos:
858 3605 932 3644 Le.
957 3604 1153 3655 leqatos.
1596 3613 1745 3643 cause
1764 3605 1849 3644 the
1872 3612 2054 3643 reason
2071 3602 2117 3643 is
2133 3603 2322 3651 quoted
2348 3602 2483 3642 from
2509 3603 2598 3642 the

557 3676 601 3718 5.
657 3672 1006 3730 misceretur:
1040 3670 1443 3721 :immisceretur‚·
1471 3681 1502 3712 a
1595 3671 1778 3710 decree.

506 3739 672 3792 poetic
707 3747 862 3788 usage
895 3738 1061 3779 which
1094 3737 1141 3778 is
1177 3747 1412 3778 common
1445 3738 1502 3777 in
1648 3738 1692 3780 9.
1749 3734 2101 3786 amplissima.
2134 3733 2313 3780 veste:
2354 3733 2441 3774 “ln
2473 3732 2597 3775 holi-

510 3807 674 3848 Silver
706 3804 872 3845 Latin.
925 3805 1030 3845 'Phe
1073 3804 1246 3845 dative
1279 3803 1501 3853 patribus
1594 3803 1693 3854 day
1711 3803 1886 3854 garb.”

509 3873 554 3913 is
568 3871 687 3912 used
717 3880 773 3910 as
803 3870 844 3910 it
863 3871 1031 3910 would
1062 3871 1190 3911 have
1222 3871 1345 3910 been
1371 3871 1500 3911 with
