2967 4384
517 281 590 334 ee
1427 279 1491 330 T.
1532 277 1698 332 ΗΠ
2418 279 2556 345 [xiv.
2584 280 2622 331 4

2547 357 2618 426 si

522 451 755 529 oculis,
794 451 1132 512 sociorum
1169 449 1410 522 caedes
1447 455 1513 511 et
1550 448 1888 526 incendia,
1929 448 2278 511 venimus?
2366 449 2522 527 Nec,
2554 449 2648 510 is·

521 552 772 612 nullius
818 552 1096 612 alterius
1140 566 1287 626 nos,
1335 567 1416 610 ne
1467 549 1723 610 civium
1774 549 2047 627 quidem
2092 550 2338 610 horum
2386 551 2616 628 pudet,

527 667 694 730 quos
736 650 1124 712 Sinuessam
1167 651 1442 710 colonos
1490 655 1727 727 patres
1758 649 1971 710 nostri
2014 649 2365 726 miserunt,
2407 656 2482 710 ut
2525 650 2616 710 ab

453 760 488 812 5
523 749 818 812 Samnite
873 750 1064 811 hoste
1121 754 1271 810 tuta
1325 748 1492 809 haec
1550 767 1667 809 ora
1722 755 1918 826 esset,
1980 765 2186 827 quam
2239 765 2419 810 nunc
2474 768 2614 810 non

524 851 790 912 vicinus
835 848 1099 910 Samnis
1145 849 1302 926 urit,
1351 849 1470 909 sed
1516 848 1782 909 Poenus
1828 849 2119 926 advena,
2166 849 2256 909 ab
2302 850 2617 911 extremis

524 950 705 1012 orbis
736 954 1070 1010 terrarum
1114 949 1420 1009 terminis
1461 953 1693 1009 nostra
1726 949 2155 1009 cunctatione
2209 955 2275 1010 et
2307 950 2617 1011 socordia

382 1055 394 1066 '
454 1062 491 1115 6
522 1051 662 1112 iam
684 1050 816 1111 huc
839 1049 1265 1128 progressus?
1335 1048 1629 1108 Tantum
1658 1049 1809 1126 pro!
1842 1050 2385 1126 degeneramusa
2414 1051 2619 1128 patri-

527 1149 651 1211 bus
689 1149 958 1225 nostris,
996 1155 1095 1225 ut,
1141 1154 1404 1226 praeter
1447 1163 1653 1226 quam
1694 1165 1883 1208 oram
1922 1148 2017 1207 illi
2056 1149 2344 1210 Punicas
2384 1151 2618 1228 vagari

524 1249 768 1310 classes
825 1249 1116 1309 dedecus
1169 1266 1311 1308 esse
1367 1248 1632 1325 imperii
1684 1249 1789 1308 sui
1847 1248 2178 1324 duxerint,
2233 1267 2385 1310 eam
2436 1265 2618 1310 nunc

527 1350 795 1427 plenam
824 1347 1124 1408 hostium
1153 1347 1601 1408 Numidarum
1613 1362 1740 1424 que
1773 1364 1852 1407 ac
1885 1348 2281 1408 Maurorum
2311 1348 2448 1409 iam
2477 1348 2620 1410 fac-

452 1456 489 1509 7
520 1455 665 1509 tam
698 1448 1073 1509 videamus,
1168 1446 1297 1526 Qui
1331 1448 1536 1507 modo
1570 1446 1951 1525 Saguntum
1984 1448 2366 1527 oppugnari
2400 1447 2621 1528 indig-

520 1549 749 1609 nando
768 1566 905 1609 non
930 1547 1237 1608 homines
1258 1553 1530 1608 tantum
1554 1548 1672 1606 sed
1691 1546 1960 1607 foedera
1984 1553 2047 1608 et
2072 1548 2229 1609 deos
2250 1548 2618 1625 ciebamuS‚

522 1649 959 1711 scandentem
1026 1647 1298 1707 moenia
1363 1647 1715 1707 Romanae
1786 1646 2088 1707 coloniae
2157 1648 2619 1709 Hannibalem

453 1751 491 1802 8
528 1747 732 1826 quieti
774 1753 1181 1825 spectamus.
1240 1734 1532 1807 'Fumus
1575 1764 1653 1806 ex
1697 1745 2025 1807 incendiis
2068 1746 2386 1808 villarum
2426 1743 2621 1826 agro-

519 1863 808 1925 rumque
876 1847 945 1907 in
1016 1848 1246 1907 oculos
1315 1852 1523 1924 atque
1596 1864 1712 1906 ora
1782 1846 1997 1922 venit;
2044 1852 2353 1924 strepunt
2422 1864 2619 1910 aures

523 1942 932 2004 clamoribus
960 1942 1373 2020 plorantium
1398 1942 1759 2019 sociorum,
1787 1942 2056 2020 saepius
2081 1949 2386 2004 nostram
2415 1961 2619 2021 quam

528 2043 805 2103 deorum
833 2042 1307 2103 invocantium
1339 2059 1567 2119 opem:
1616 2059 1739 2102 nos
1771 2041 1893 2124 hic⁸
1916 2059 2235 2119 pecorum
2265 2044 2468 2103 modo
2503 2061 2620 2121 per

524 2142 820 2204 aestivos⁴
844 2143 1055 2203 saltus
1088 2141 1454 2218 deviasque
1512 2142 1699 2202 callis
1727 2141 2094 2202 exercitum
2127 2141 2433 2203 ducimus
2462 2161 2621 2203 con-

453 2257 492 2310 9
529 2243 648 2304 diti
682 2241 979 2303 nubibus
1015 2241 1361 2318 silvisque.
1454 2240 1521 2301 Si
1556 2241 1683 2300 hoc
1719 2241 1926 2302 modo
1965 2244 2386 2320 peragrando
2423 2260 2619 2303 cacu-

524 2343 709 2403 mina
771 2342 1116 2419 saltusque
1181 2342 1273 2402 M.
1340 2340 1583 2401 Furius
1645 2341 1941 2418 recipere
2006 2359 2047 2401 a
2112 2341 2318 2403 Gallis
2379 2343 2620 2403 urbem

526 2442 868 2518 voluisset,
906 2458 1037 2518 quo
1067 2440 1175 2500 hic
1207 2455 1429 2501 novus
1461 2439 1806 2516 CamilluS,
1837 2439 2034 2500 nobis
2068 2439 2355 2502 dictator
2381 2442 2620 2504 unicus

521 2541 595 2603 in
627 2542 827 2602 rebus
861 2540 1144 2602 adfectis
1185 2539 1551 2617 quaesitus,
1586 2538 1858 2600 Italiam
1891 2538 1979 2599 ab
2012 2540 2397 2601 Hannibale
2431 2558 2621 2602 recu-

417 2654 489 2704 10
528 2659 756 2720 perare
811 2646 1026 2718 parat,
1078 2640 1427 2701 Gallorum
1476 2639 1698 2700 Roma
1747 2644 1942 2716 esset,
1999 2656 2204 2716 quam
2253 2658 2488 2701 vereor
2534 2658 2617 2703 ne

525 2742 618 2803 sic
657 2740 1133 2802 cunctantibus
1169 2737 1366 2799 nobis
1402 2738 1776 2798 Hannibali
1813 2756 1890 2799 ac
1928 2739 2167 2800 Poenis
2203 2740 2450 2802 totiens
2485 2759 2621 2802 ser-

420 2856 494 2907 14
528 2840 838 2903 vaverint
867 2839 1155 2900 maiores
1184 2837 1419 2903 nostri.
1512 2837 1810 2903 Stultitia
1840 2843 1937 2899 est
1968 2829 2265 2901 sedendo
2296 2845 2414 2901 aut
2444 2841 2620 2902 votis

454 2972 459 2981 ο
531 2939 848 3002 debellari
882 2940 1149 3001 credere
1189 2956 1408 3016 posse:
1458 2955 1649 2998 arma
1684 2937 1914 3015 capias
1950 2945 2212 3016 oportet
2247 2945 2311 3000 et
2351 2941 2621 3002 descen-

531 3041 648 3101 das
689 3040 759 3100 in
798 3056 1096 3117 aequum
1137 3044 1201 3099 et
1244 3038 1347 3099 vir
1387 3055 1545 3097 cum
1586 3037 1732 3099 viro
1774 3038 2257 3116 congrediaris3
2305 3042 2620 3103 audendo

526 3146 729 3218 atque
791 3140 1053 3218 agendo
1113 3156 1217 3199 res
1275 3139 1591 3198 Romana
1649 3138 1883 3215 crevit,
1944 3156 2081 3200 non
2139 3139 2245 3200 his
2304 3141 2621 3219 segnibus

418 3252 489 3302 15
527 3239 842 3316 consiliiS‚
893 3255 1061 3315 quae
1105 3237 1329 3298 timidi
1372 3243 1574 3298 cauta
1619 3239 1915 3299 vocant.’
2005 3239 2189 3299 Haec
2236 3241 2422 3300 velut
2466 3258 2623 3301 con-

525 3338 816 3399 tionanti
878 3336 1176 3397 Minucio
1232 3337 1907 3399 circumfundebatur
1963 3338 2395 3400 tribunorum
2436 3341 2623 3417 equi·
2676 3391 2683 3400 .

579 3555 625 3597 6.
679 3560 803 3603 pro:
841 3561 906 3592 an
945 3549 1286 3600 interjection,
1337 3552 1529 3593 “alas”
1626 3552 1681 3593 in
1700 3553 1776 3592 390
1792 3560 1887 3593 nc.
1946 3552 2416 3597 unicustironical.

528 3627 755 3664 eamtsc.
780 3628 932 3658 oram.
1677 3620 1757 3663 14.
1812 3619 2030 3669 capias:
2084 3620 2289 3668 subject,
2330 3623 2386 3660 ot
2424 3620 2622 3670 oportet,

579 3685 626 3731 7.
683 3685 1047 3736 indignando:
1099 3687 1162 3726 cf.
1207 3685 1424 3732 cedendo,
1463 3688 1527 3726 21.
1626 3692 1716 3726 not,
1737 3686 2032 3726 introduced
2052 3687 2119 3736 by
2138 3687 2225 3726 the
2242 3686 2511 3728 tormalut.

529 3754 590 3793 46.
613 3754 649 3793 9.
1674 3754 1755 3796 15.
1812 3752 2191 3797 contionanti:
2252 3753 2316 3792 ct.
2387 3753 2623 3793 contiona-

580 3821 628 3863 9.
683 3820 745 3860 M.
772 3819 960 3859 Furius
989 3818 1234 3859 Camillus
1264 3789 1528 3860 recovered
1624 3818 1823 3866 bundas,
1856 3821 1917 3858 21.
1967 3819 2027 3858 53.
2067 3819 2105 3861 6.
2159 3817 2416 3872 suffragi:
2471 3819 2624 3871 predi-

531 3886 688 3928 Rome
705 3887 837 3929 after
863 3885 932 3926 its
950 3889 1162 3938 capture
1180 3887 1246 3934 by
1266 3887 1351 3926 the
1369 3886 1529 3928 Gauls
1625 3892 1735 3927 cate
1779 3886 2065 3936 possessive
2104 3885 2342 3936 genitive.
2401 3885 2483 3929 “It
2541 3887 2627 3928 the
