2967 4384
416 231 474 287 li.
503 232 562 300 1]
1225 231 1453 286 LIBER.
1488 229 1719 284 XXVII
2408 226 2511 280 137

419 407 629 469 animi
684 406 954 468 habitus
1011 405 1171 467 satis
1234 403 1359 466 dici
1417 402 1841 480 enarrarique
1903 405 2138 480 potest,
2197 419 2316 462 nec
2382 417 2509 478 quo

420 507 672 569 incerta
735 506 1187 584 expectatione
1251 509 1529 565 eventus
1593 502 1827 563 civitas
1888 501 2128 578 fuerat,
2192 519 2311 562 nec
2381 517 2509 578 quo

353 620 390 672 4
423 607 739 670 victoriae
793 607 1051 668 famam
1103 604 1377 683 accepit.
1467 605 1852 680 Numquam
1910 618 2023 679 per
2078 599 2291 660 omnis
2352 600 2507 677 dieS‚

326 746 332 751 -
421 725 502 769 ex
572 724 702 786 quo
769 705 1124 767 Claudium
1174 705 1516 766 consulem
1583 703 1953 780 profectum
2016 700 2201 761 fama
2265 700 2507 778 attulit,

421 808 510 870 ab
568 813 712 869 orto
767 807 902 867 sole
958 808 1047 867 ad
1103 805 1514 866 occidentem
1568 809 1684 863 aut
1740 808 2004 864 senator
2064 800 2417 879 quisquam
2470 818 2511 861 a

423 909 607 971 curia
659 913 860 984 atque
913 906 1002 967 ab
1053 902 1550 984 magistratibus
1602 901 1917 963 abscessit
1969 907 2085 962 aut
2141 903 2423 980 populus
2475 920 2509 963 e

354 1023 389 1075 5
422 1012 590 1072 foro.
680 1009 1048 1083 Matronae,
1093 1004 1248 1083 quia
1286 1004 1449 1063 nihil
1489 1003 1559 1062 in
1595 1001 1755 1080 ipsis
1795 1001 1939 1080 opis
1978 1007 2139 1079 erat,
2178 1002 2249 1062 in
2291 1022 2511 1082 preces

425 1110 1031 1187 obtestationesque
1072 1124 1323 1182 versae,
1370 1121 1483 1182 per
1524 1103 1749 1164 omnia
1794 1101 2066 1164 delubra
2106 1123 2315 1185 vagae
2356 1125 2513 1186 sup-

357 1228 393 1280 6
428 1211 637 1290 pliciis
692 1210 996 1289 votisque
1051 1207 1328 1286 fatigare
1388 1207 1563 1267 deos.
1654 1207 1818 1266 Tam
1871 1206 2184 1268 sollicitae
2239 1227 2317 1270 ac
2370 1226 2512 1270 sus-
2610 1210 2615 1215 '

429 1330 669 1391 pensae
725 1310 979 1372 civitati
1030 1309 1216 1370 fama
1267 1308 1519 1369 incerta
1575 1307 1787 1386 primo
1840 1308 2079 1370 accidit
2138 1311 2300 1371 duos
2350 1310 2513 1371 Nar-

426 1411 686 1473 nienses
744 1409 997 1487 equites
1054 1408 1125 1470 in
1183 1413 1419 1486 castra,
1484 1425 1651 1486 quae
1709 1407 1778 1468 in
1835 1407 2141 1468 faucibus
2198 1407 2511 1469 Umbriae

428 1511 734 1591 opposita
797 1515 1006 1587 erant,
1073 1509 1327 1571 venisse
1393 1527 1470 1570 ex
1538 1509 1781 1587 proelio
1845 1509 2225 1570 nuntiantes
2289 1525 2513 1570 caesos

356 1619 392 1672 7
425 1612 668 1674 hostes,
758 1612 843 1672 Et
897 1629 962 1689 p.
974 1611 1108 1671 imo
1158 1609 1369 1688 magis
1421 1609 1693 1671 auribus
1748 1626 1950 1686 quam
2000 1609 2237 1670 animis
2288 1608 2356 1668 id
2407 1627 2515 1670 ac-

425 1718 697 1791 ceptum
744 1717 884 1772 erat
931 1718 1004 1772 ut
1054 1711 1269 1772 maius
1316 1709 1705 1788 laetiusque,
1781 1727 1983 1787 quam
2050 1710 2227 1787 quod
2294 1715 2514 1771 mente

428 1829 661 1889 capere
703 1817 819 1872 aut
858 1810 1018 1872 satis
1059 1809 1319 1872 credere
1365 1814 1650 1888 possent,
1692 1815 1755 1871 et
1795 1809 1939 1887 ipsa
1980 1809 2274 1871 celeritas
2312 1807 2516 1870 fidem

427 1910 857 1989 impediebat,
939 1912 1117 1990 quod
1195 1910 1397 1972 biduo
1473 1915 1625 1972 ante
1706 1916 2074 1989 pugnatum
2153 1908 2512 1971 dicebatur.

358 2020 395 2072 8
429 2011 710 2073 Litterae
758 2009 992 2074 deinde
1034 2010 1121 2073 ab
1163 2011 1232 2073 L.
1276 2010 1525 2072 Manlio
1564 2009 1844 2072 Acidino
1884 2009 2123 2072 missae
2166 2027 2245 2072 ex
2286 2009 2515 2072 castris

356 2117 395 2169 9
427 2111 822 2173 adferuntur
865 2111 941 2172 de
979 2110 1444 2172 Narniensium
1483 2110 1784 2188 equitum
1823 2111 2138 2173 adventu.
2228 2110 2372 2172 Hae
2410 2109 2517 2170 lit-

425 2217 606 2274 terae
666 2227 781 2290 per
835 2212 1059 2272 forum
1113 2212 1201 2274 ad
1256 2210 1549 2273 tribunal
1609 2211 1925 2290 praetoris
1980 2214 2153 2273 latae
2210 2217 2518 2273 senatum

429 2310 612 2373 curia
649 2308 1058 2388 exciverunt3
1092 2318 1413 2388 tantoque
1451 2310 1807 2372 certamine
1845 2329 1921 2372 ac
1957 2311 2251 2372 tumultu
2289 2309 2516 2390 populi

427 2413 517 2474 ad
569 2412 744 2473 fores
799 2413 1017 2473 curiae
1072 2428 1467 2473 concursum
1520 2418 1637 2488 est,
1692 2417 1766 2471 ut
1820 2411 2002 2472 adire
2055 2412 2327 2472 nuntius
2360 2429 2516 2472 -non

433 2516 673 2590 posset,
717 2510 834 2574 sed
869 2507 1238 2573 traheretur
1275 2529 1315 2572 a
1349 2509 1929 2590 percunctantibus
1968 2510 2517 2572 vociferantibus-

435 2629 583 2692 que,
634 2616 710 2673 ut
759 2611 831 2672 in
881 2611 1106 2673 rostris
1162 2610 1338 2689 prius
1395 2627 1597 2689 quam
1646 2609 1716 2670 in
1766 2615 2001 2672 senatu
2050 2609 2303 2672 litterae
2355 2610 2517 2672 reci-

327 2719 402 2772 10
431 2717 747 2774 tarentur.
837 2712 1136 2773 Tandem
1174 2711 1491 2772 summoti
1530 2715 1594 2772 et
1636 2710 1897 2772 coerciti
1926 2729 1967 2773 a
1997 2711 2514 2790 magistratibus,

437 2810 930 2890 dispensarique
1010 2810 1260 2872 laetitia
1339 2811 1509 2871 inter
1586 2810 1959 2888 inpotentes
2039 2811 2178 2871 eius
2258 2811 2517 2872 animos

327 2927 398 2977 11
435 2913 668 2992 potuit.
758 2914 837 2972 In
881 2919 1116 2973 senatu
1164 2913 1471 2990 primum,
1523 2909 1756 2972 deinde
1800 2912 1870 2972 in
1915 2913 2218 2973 contione
2262 2912 2515 2973 litterae

432 3013 741 3073 recitatae
793 3019 977 3089 sunt;
1029 3019 1092 3073 et
1147 3030 1263 3091 pro
1316 3012 1633 3091 cuiusque
1685 3010 1948 3090 ingenio
1998 3011 2143 3073 aliis
2193 3011 2331 3073 iam
2382 3030 2519 3072 cer-

432 3118 579 3174 tum
621 3114 965 3193 gaudium,
1011 3115 1156 3176 aliis
1199 3116 1384 3176 nulla
1427 3121 1580 3176 ante
1626 3115 1853 3176 futura
1894 3115 2059 3175 fides
2104 3121 2265 3192 erat,
2317 3132 2519 3193 quam

364 3222 396 3271 1
431 3213 681 3292 legatos
711 3214 1146 3276 'consulumve
1176 3213 1426 3275 litteras
1458 3213 1818 3276 audissent.
1909 3213 2012 3275 LI.
2059 3215 2248 3292 Ipsos
2284 3213 2516 3274 deinde
2568 3269 2573 3273 .

433 3315 970 3394 adpropinquare
1024 3315 1275 3392 legatos
1328 3315 1630 3376 adlatum
1684 3321 1801 3375 est.
1892 3315 2073 3376 Tunc
2128 3315 2307 3374 enim
2361 3332 2518 3374 vero

486 3523 533 3567 8.
587 3531 716 3574 quo:
737 3531 802 3563 so.
823 3520 985 3562 habitu
1011 3520 1174 3562 animi.
1523 3520 1605 3572 ple
1666 3519 1721 3561 in
1784 3520 1873 3562 the
1952 3521 2121 3561 forum
2142 3535 2181 3555 =
2202 3519 2254 3560 in
2308 3518 2522 3560 contione

482 3590 533 3635 4.
588 3597 656 3633 ex
676 3597 803 3641 quo:
833 3599 897 3630 sc.
919 3589 1135 3638 tempore.
1528 3588 1636 3637 (11).

486 3657 534 3701 6.
589 3655 649 3702 in
663 3656 919 3701 faucibus
939 3655 1215 3700 Umbriae:
1233 3659 1288 3696 at
1305 3656 1429 3696 Nar·
1577 3656 1656 3700 11.
1711 3654 1855 3699 elus:
1876 3664 1943 3697 sc.
1964 3651 2186 3694 laetitiae.
2241 3653 2345 3694 'Phe
2364 3653 2524 3704 figure

434 3723 543 3771 n1a3
574 3733 654 3764 see
682 3723 743 3763 43.
765 3724 802 3764 9.
857 3723 912 3765 L.
934 3722 1158 3764 Manlius
1187 3723 1431 3764 Acidinus
1524 3725 1577 3763 ot
1598 3724 1683 3762 the
1700 3722 2033 3762 distribution
2046 3723 2098 3762 ot
2111 3722 2236 3772 gifts
2248 3731 2306 3761 or
2326 3731 2519 3771 money,

437 3799 542 3832 was
559 3791 806 3842 probably
823 3789 878 3830 in
896 3790 1163 3830 command
1185 3790 1267 3838 (8).
1525 3789 1734 3842 implied
1763 3790 1818 3835 in
1847 3787 2129 3841 dispensari,
2162 3788 2207 3833 is
2235 3787 2522 3832 continued.

488 3859 536 3905 9.
589 3857 650 3904 in
678 3856 903 3905 rostris:
923 3856 998 3898 Le.
1021 3857 1190 3898 before
1219 3857 1304 3898 the
1321 3865 1432 3908 peo-
