2967 4384
531 253 604 306 us
1435 249 1500 303 τ.
1536 251 1702 306 1.1v1
2456 252 2557 320 [iii.
2584 253 2621 306 e

531 427 921 489 vastitatem
963 431 1181 505 potest
1220 422 1542 486 caedibus
1581 423 2042 503 incendiisque
2084 425 2344 487 consuli
2387 427 2618 504 procul

454 530 491 583 7
530 525 843 588 ostendit.
935 524 1328 601 Flaminius,
1375 523 1491 602 qui
1528 541 1613 584 ne
1660 523 1884 602 quieto
1930 524 2203 602 quidem
2242 526 2432 588 hoste
2471 525 2617 604 ipse

534 626 879 704 quieturus
918 630 1083 702 erat,
1123 629 1272 684 tum
1312 641 1495 701 vem,
1539 628 1902 702 postquam
1940 641 2044 686 res
2082 625 2421 688 sociorum
2458 632 2617 688 ante

528 726 757 788 oculos
801 742 1007 804 prope
1049 742 1207 786 suos
1247 722 1406 785 ferri
1447 723 1691 803 agique
1734 722 1928 802 vidit,
1971 742 2172 786 suum
2210 725 2282 787 id
2326 726 2617 789 dedecus

525 832 737 904 ratuS‚
787 842 903 904 per
946 823 1245 886 mediam
1288 823 1426 885 iam
1469 822 1741 885 Italiam
1786 823 2018 902 vagari
2062 825 2366 886 Poenum
2410 831 2617 905 atque

527 925 893 988 obsistente
952 926 1140 987 nullo
1199 924 1287 986 ad
1345 925 1495 1003 ipsa
1554 925 1866 987 Romana
1907 926 2175 988 moenia
2215 927 2309 989 ire
2354 945 2617 1008 oppug-

455 1037 493 1088 8
525 1026 778 1104 nanda,
859 1023 1094 1087 ceteris
1175 1023 1492 1086 omnibus
1549 1021 1619 1084 in
1679 1023 1957 1088 consilio
2015 1025 2341 1089 salutaria
2398 1027 2617 1108 magis

532 1143 736 1205 quam
769 1125 1073 1204 speciosa
1107 1125 1578 1188 suadentibus:
1626 1125 1952 1205 collegam
1987 1127 2503 1206 expectandum,
2538 1135 2617 1190 ut

526 1225 902 1288 coniunctis
939 1224 1339 1287 exercitibus
1374 1224 1721 1287 communi
1756 1224 1984 1287 animo
2022 1227 2435 1306 consilioque
2470 1243 2618 1289 rem

454 1332 490 1382 9
525 1331 853 1405 gererent,
889 1324 1161 1387 interim
1198 1323 1504 1403 equitatu
1542 1323 1940 1404 auxiliisque
1978 1323 2234 1387 levium
2269 1345 2617 1389 armorum

527 1425 613 1487 ab
646 1426 860 1487 effusa
895 1424 1266 1504 praedandi
1295 1424 1569 1487 licentia
1598 1423 1863 1486 hostem
1893 1425 2371 1505 cohibendum,
2402 1425 2616 1489 iratus

525 1543 594 1587 se
639 1542 718 1587 ex
761 1524 1039 1587 consilio
1087 1524 1416 1603 proripuit
1457 1524 1861 1604 signumque
1904 1524 2106 1586 simul
2146 1525 2405 1588 itineris
2450 1544 2618 1606 pug-

526 1641 789 1705 naeque
841 1642 998 1686 cum
1051 1624 1530 1704 proposuisset,
1583 1624 1824 1686 ‘Immo
1872 1624 2090 1687 Arreti
2138 1630 2295 1688 ante
2344 1626 2617 1688 moenia

421 1734 492 1785 10
527 1725 905 1789 sedeamus’
964 1723 1216 1804 inquit;
1264 1724 1394 1785 ‘hic
1453 1723 1636 1786 enim
1698 1723 1914 1803 patria
1972 1730 2038 1787 et
2099 1731 2375 1805 penates
2432 1733 2613 1789 sunt.

527 1824 873 1886 Hannibal
906 1824 1190 1886 emissus
1221 1843 1258 1886 e
1291 1823 1609 1886 manibus
1646 1825 2127 1913 perpopuletur
2157 1825 2429 1888 Italiam
2462 1843 2619 1889 vas-

526 1925 736 1986 tando
746 1942 871 2002 que
892 1930 955 1986 et
978 1924 1238 1986 urendo
1262 1924 1493 1986 omnia
1510 1924 1598 1985 ad
1622 1925 1935 1986 Romana
1951 1926 2221 1987 moenia
2243 1927 2614 2005 perveniat,

528 2042 650 2085 nec
700 2030 856 2086 ante
907 2041 1030 2086 nos
1078 2023 1235 2084 hinc
1285 2024 1723 2103 moverimus,
1780 2042 2006 2103 quam,
2058 2024 2230 2087 sicut
2280 2026 2443 2087 olim
2491 2025 2617 2088 Ca-

529 2123 793 2184 millum
828 2142 870 2186 a
903 2124 1078 2202 veis,
1117 2123 1187 2186 C.
1228 2123 1638 2190 Flaminium
1673 2123 1761 2187 ab
1796 2124 2056 2186 Arretio
2097 2131 2319 2203 patres
2355 2125 2617 2189 accive-

424 2235 495 2288 n
531 2224 709 2285 rint’.
801 2225 985 2286 Haec
1029 2224 1227 2285 simul
1269 2223 1627 2303 increpans
1668 2241 1826 2287 cum
1867 2225 2052 2287 ocius
2094 2225 2285 2305 signa
2327 2226 2616 2289 convelli

528 2323 790 2385 iuberet
822 2329 886 2385 et
925 2324 1066 2402 ipse
1095 2325 1168 2384 in
1197 2341 1451 2403 equum
1490 2322 1876 2402 insiluisset,
1918 2342 2132 2403 equus
2170 2330 2443 2405 repente
2472 2345 2617 2389 cor-

422 2438 494 2490 12
528 2423 662 2484 ruit
698 2425 1176 2502 consulemque
1211 2425 1481 2502 lapsum
1517 2441 1718 2501 super
1753 2429 1957 2503 caput
1993 2424 2253 2487 effudit.
2346 2425 2615 2489 Territis

529 2523 866 2601 omnibus,
900 2524 1012 2601 qui
1047 2523 1224 2584 circa
1265 2529 1476 2601 erant,
1507 2524 1691 2585 velut
1715 2522 1916 2584 foedo
1943 2524 2165 2586 omine
2193 2524 2615 2604 incipiendae

528 2623 624 2684 rei
669 2623 944 2701 insuper
989 2622 1341 2683 nuntiatur
1386 2623 1657 2702 signum
1703 2622 1887 2684 omni
1935 2623 2003 2685 vi
2048 2623 2365 2686 moliente
2412 2625 2615 2705 signi-

423 2722 672 2789 131ero
728 2721 1016 2785 convelli
1071 2741 1155 2784 ne
1166 2722 1373 2801 quire.
1466 2722 1846 2785 Conversus
1902 2723 1990 2785 ad
2045 2725 2364 2786 nuntium
2418 2724 2616 2786 ‘Num

528 2822 786 2884 litteras
831 2823 1121 2901 quoque’
1151 2822 1374 2901 inquit
1415 2821 1527 2884 ‘ab
1568 2829 1808 2885 senatu
1838 2823 2086 2902 adfers,
2124 2841 2294 2903 quae
2334 2841 2442 2886 me
2473 2843 2616 2886 rem

529 2940 754 3001 gerere
810 2923 1077 2984 vetent?
1164 2920 1316 2999 Abi,
1371 2922 1637 3001 nuntia,
1692 2921 2017 2985 effodiant
2071 2922 2362 3004 signum,
2417 2924 2473 2986 si
2527 2925 2615 2986 ad

425 3041 500 3094 14
531 3022 1052 3083 convellendum
1089 3039 1332 3083 manus
1375 3039 1532 3100 prae
1573 3028 1759 3084 metu
1799 3023 2338 3102 obtorpuerunt.’
2426 3025 2616 3087 Ince-

535 3122 685 3183 dere
725 3121 882 3183 inde
923 3140 1166 3201 agmen
1207 3123 1427 3201 coepit
1469 3124 1898 3202 primoribuS,
1940 3141 2142 3202 super
2186 3142 2391 3203 quam
2435 3125 2614 3204 quod

534 3221 982 3284 dissenserant
1020 3222 1109 3282 ab
1149 3222 1451 3301 consilio,
1476 3222 1724 3284 territis
1762 3223 1969 3285 etiam
1997 3222 2247 3302 duplici
2288 3223 2614 3303 prodigio,

529 3319 738 3382 milite
785 3321 854 3380 in
901 3321 1144 3399 vulgus
1187 3323 1364 3384 laeto
1408 3322 1662 3384 ferocia
1709 3322 1918 3400 ducis,
1966 3339 2123 3383 cum
2165 3339 2357 3401 spem
2399 3323 2615 3403 magis

527 3419 750 3499 ipsam
794 3437 999 3499 quam
1036 3438 1315 3483 causam
1352 3422 1496 3500 spei
1533 3422 1924 3484 intueretur.

580 3685 628 3731 7.
669 3685 848 3730 nullo:
863 3686 1067 3735 regular
1079 3686 1301 3727 ablativo
1312 3687 1367 3726 ot
1377 3695 1524 3726 nemo.
1622 3685 1803 3731 diant:
1832 3688 1893 3728 cr.
1914 3685 2099 3734 adsim,
2120 3687 2183 3727 21.
2204 3687 2267 3727 21.
2288 3687 2324 3727 6.

582 3753 662 3796 10.
716 3750 1014 3797 vastando:
1043 3753 1106 3793 cf.
1139 3753 1355 3798 cedendo.
1375 3753 1437 3792 21.
1461 3753 1523 3792 46.
1677 3755 1754 3797 14.
1808 3762 1978 3804 super
1995 3762 2164 3805 quam
2189 3753 2356 3806 quod:
2388 3754 2617 3797 “besides

530 3819 567 3860 9.
622 3827 743 3862 nec:
772 3829 853 3859 see
871 3820 1226 3859 Introduction
1245 3820 1380 3860 VIII.
1404 3821 1440 3859 5.
1624 3822 1710 3860 the
1742 3822 1844 3860 fact.
1876 3821 2043 3861 that.'’
2095 3819 2157 3865 ln
2174 3821 2403 3875 vulgus:
2428 3821 2615 3874 :vulno

585 3885 665 3930 18.
719 3884 971 3931 litteras:
1000 3895 1080 3926 see
1114 3887 1176 3926 21.
1209 3885 1270 3928 63.
1301 3888 1337 3926 2.
1397 3886 1527 3934 effo-
1626 3887 1964 3940 ⁶·generally.”
