2967 4384
349 277 511 328 xxxi.
537 274 597 339 4]
1193 273 1424 328 unna
1461 274 1631 351 xxx
2340 276 2445 328 163
2528 233 2531 236 ’

354 466 433 509 ea
466 447 779 509 habenda
802 445 1072 507 fortuna
1106 445 1251 524 erit,
1283 463 1488 525 quam
1526 447 1590 506 di
1617 447 1935 510 dederint.
2021 448 2139 509 Est
2179 448 2447 526 quidem
2480 461 2553 512 24

353 548 517 624 eius,
571 546 684 624 qui
735 547 870 623 dat,
918 563 1056 606 non
1106 545 1219 623 qui
1270 546 1453 623 petit,
1504 546 1923 607 condiciones
1976 546 2186 608 dicere
2239 548 2448 625 pacis;

354 649 471 709 sed
512 647 792 708 forsitan
833 665 969 708 non
1009 645 1264 724 indigni
1305 647 1536 723 simuS,
1584 646 1696 724 qui
1737 647 2068 708 nobismet
2109 647 2235 725 ipsi
2277 649 2448 708 mul-

352 753 497 810 tam
539 746 940 827 inrogemuS.
1028 746 1177 807 Non
1219 763 1626 823 recusamuS,
1680 745 1838 824 quin
1885 746 2131 825 omnia,
2182 743 2448 825 propter
2480 759 2551 810 25

358 865 527 926 quae
570 848 660 909 ad
705 845 953 908 bellum
995 844 1167 906 itum
1208 851 1327 923 est,
1378 852 1599 907 vestra
1641 846 1794 925 sint,
1838 845 2077 925 Sicilia,
2121 846 2445 925 Sardinia,

353 947 702 1026 Hispania,
758 946 1083 1025 quidquid
1130 945 1501 1008 insularum
1546 951 1687 1007 toto
1734 946 1906 1007 inter
1951 946 2245 1009 Africam
2290 947 2449 1010 Ital-

353 1047 622 1126 iamque
671 1045 1045 1108 continetur
1098 1045 1288 1108 mari.
1400 1045 1973 1124 Carthaginienses
2035 1046 2271 1108 inclusi
2331 1048 2448 1108 Αἰ-
2480 1053 2553 1104 26

354 1148 527 1208 ricae
559 1146 863 1208 litoribus
897 1163 1039 1222 VOS,
1078 1145 1347 1223 quando
1378 1145 1472 1206 ita
1510 1145 1608 1206 dis
1644 1145 1912 1224 placuit,
1946 1152 2215 1208 externa
2246 1147 2450 1208 etiam

352 1253 529 1309 terra
600 1246 902 1324 marique
978 1246 1327 1307 videamus
1399 1251 1698 1323 regentes
1771 1246 2070 1325 imperio.
2160 1247 2450 1308 Multum
2483 1256 2554 1307 27

358 1365 473 1426 per
529 1364 694 1425 quos
750 1345 955 1425 petita
1007 1345 1113 1423 sit,
1167 1345 1257 1406 ad
1308 1346 1514 1406 fidem
1563 1346 1850 1407 tuendae
1910 1346 2088 1425 pacis
2145 1347 2448 1424 pertinet,

354 1445 592 1526 Scipio.
682 1445 895 1506 Vestri
973 1461 1260 1524 quoque,
1333 1450 1409 1506 ut
1482 1445 1709 1523 audio,
1788 1451 2005 1525 patres
2077 1463 2212 1506 non
2284 1446 2449 1507 nihil
2483 1457 2556 1509 28

354 1546 558 1608 etiam
602 1545 688 1606 ob
732 1545 882 1623 hoc,
933 1545 1087 1623 quia
1135 1561 1374 1624 parum
1421 1544 1758 1624 dignitatis
1803 1545 1873 1605 in
1915 1546 2253 1624 legatione·
2286 1553 2448 1622 erat,

355 1651 770 1725 negaverunt
828 1662 1087 1723 pacem:
1143 1644 1484 1706 Hannibal
1545 1650 1694 1722 peto
1754 1662 2007 1723 pacem,
2069 1647 2180 1724 qui
2234 1663 2449 1723 neque
2484 1659 2555 1711 29

358 1752 670 1825 peterem,
746 1745 873 1806 nisi
945 1745 1180 1805 utilem
1253 1744 1612 1821 crederem,
1686 1750 1751 1805 et
1830 1751 2096 1823 propter
2168 1746 2451 1806 eandem

355 1845 714 1907 utilitatem
751 1844 989 1905 tuebor
1025 1860 1199 1920 eam,
1242 1848 1510 1921 propter
1552 1861 1755 1922 quam
1817 1844 1991 1922 petii.
2108 1847 2192 1906 Et
2253 1862 2451 1923 quem
2484 1857 2557 1910 3ο

355 1946 444 2007 ad
492 1945 791 2021 modum,
846 1943 1001 2021 quia
1046 1962 1088 2004 a
1135 1960 1242 2004 me
1295 1942 1544 2003 bellum
1591 1949 1904 2021 coeptum
1949 1950 2070 2022 est,
2118 1963 2199 2006 ne
2254 1962 2452 2022 quem

355 2046 496 2107 eius
552 2044 935 2123 paeniteret,
994 2044 1216 2121 quoad
1268 2043 1395 2120 ipsi
1448 2042 1745 2104 invidere
1804 2044 1929 2120 dei,
1987 2045 2302 2122 praestiti,
2356 2045 2449 2105 ita

355 2145 642 2222 adnitar,
689 2161 771 2204 ne
825 2160 1023 2221 quem
1072 2142 1251 2220 pacis
1301 2159 1416 2220 per
1461 2159 1568 2202 me
1620 2149 1846 2220 partae
1898 2143 2277 2221 paeniteat!

525 2243 764 2305 XXXI.
809 2243 1146 2303 Adversus
1184 2242 1348 2302 haec
1388 2241 1751 2320 imperator
1788 2243 2131 2306 Romanus
2169 2243 2239 2304 in
2274 2243 2448 2305 hanc
2486 2255 2534 2309 1'

353 2346 489 2406 fere
555 2343 953 2406 sententiam
1017 2341 1383 2420 respondit:
1501 2339 1669 2402 ‘Non
1733 2359 1839 2403 me
1906 2342 2200 2420 fallebat,
2265 2343 2451 2405 Han-

354 2443 562 2522 nibal,
611 2444 941 2505 adventus
987 2441 1086 2502 tui
1134 2458 1249 2521 spe
1300 2440 1875 2519 Carthaginienses
1923 2448 1986 2502 et
2038 2449 2450 2520 praesentem

356 2543 770 2606 indutiarum
827 2543 1030 2603 fidem
1090 2546 1154 2601 et
1213 2557 1404 2618 spem
1467 2541 1647 2618 pacis
1708 2541 2039 2618 turbasse3
2099 2559 2313 2620 neque
2373 2548 2448 2603 tu
2483 2552 2540 2603 2·

356 2644 424 2704 id
477 2660 634 2704 sane
691 2642 1087 2718 dissimulas,
1146 2640 1258 2719 qui
1314 2640 1391 2700 de
1446 2640 1948 2701 condicionibus
2000 2641 2447 2720 superioribus

362 2743 540 2822 pacis
600 2743 822 2803 omnia
879 2740 1234 2802 subtrahas
1295 2746 1553 2818 praeter
1610 2758 1710 2817 ea,
1774 2759 1939 2817 quae
1998 2742 2134 2803 iam
2194 2742 2449 2821 pridem

358 2843 428 2903 in
483 2847 709 2903 nostra
768 2847 1088 2919 potestate
1146 2845 1321 2901 sunt.
1429 2840 1737 2900 Ceterum
1791 2848 1865 2902 ut
1922 2841 2043 2902 tibi
2100 2859 2294 2903 curae
2351 2849 2448 2903 est
2482 2851 2517 2902 3

359 2943 597 3004 sentire
655 2941 832 3002 cives
886 2947 1060 3017 tuos,
1123 2946 1372 3018 quanto
1432 2957 1548 3017 per
1601 2947 1665 3001 te
1723 2959 1916 3003 onere
1973 2943 2298 3019 leventur,
2355 2942 2447 3002 sic

359 3041 523 3102 mihi
565 3041 1012 3102 laborandum
1054 3046 1174 3118 est,
1220 3058 1326 3115 ne,
1377 3057 1544 3116 quae
1588 3046 1748 3102 tunc
1797 3042 2206 3120 pepigerunt,
2250 3041 2447 3102 hodie

359 3142 700 3203 subtracta
774 3159 852 3201 ex
929 3138 1429 3201 condicionibus
1509 3140 1688 3217 pacis
1766 3142 2059 3218 praemia
2137 3141 2447 3219 perfidiae

359 3240 672 3303 habeant.
761 3240 1048 3318 Indigni,
1089 3239 1327 3318 quibus
1362 3238 1598 3298 eadem
1635 3245 1855 3316 pateat
1890 3240 2212 3318 condici0,
2247 3241 2449 3302 etiam
2482 3243 2519 3293 4

358 3347 434 3402 ut
511 3340 715 3421 prosit
791 3340 982 3401 vobis
1054 3341 1240 3400 fraus
1318 3333 1556 3415 petitis
1647 3339 1871 3418 Neque
1951 3346 2167 3418 patres
2240 3340 2447 3401 nostri

411 3545 491 3588 24.
548 3543 742 3586 sunus:
763 3539 1356 3593 potentialsubjunctive
1504 3539 1584 3584 30.
1639 3549 1709 3584 ne
1747 3572 1758 3584 .
1802 3572 1812 3586 .
1856 3573 1865 3585 .
1905 3541 2243 3592 paeniteret:
2281 3542 2449 3591 object,

360 3609 731 3660 withsorsz‘tan.
785 3608 1043 3652 multam:
1066 3609 1151 3648 the
1169 3608 1355 3648 indem-
1451 3607 1506 3648 ot
1547 3607 1784 3656 praestiti.
1857 3607 2129 3651 invidere:
2176 3609 2448 3649 continued

361 3678 474 3727 nlty
502 3677 619 3728 pald
646 3677 712 3725 by
741 3676 827 3716 the
855 3675 1105 3722 defeated3
1143 3683 1201 3715 so
1239 3676 1358 3714 “the
1451 3683 1649 3714 success
1678 3683 1884 3714 arouses
1922 3676 2006 3714 the
2032 3674 2264 3725 jealousy
2283 3676 2336 3715 ot
2365 3676 2449 3715 the

361 3745 498 3796 price
515 3745 569 3784 ot
593 3743 808 3783 defeat.”
1451 3742 1576 3790 gods
1603 3761 1659 3769 —
1685 3750 1716 3781 a
1784 3741 2162 3794 commonplace
2232 3742 2286 3784 ot
2363 3743 2449 3786 the

412 3811 492 3854 28.
547 3818 656 3853 non
708 3807 877 3854 mnu:
931 3807 1207 3862 emphatic;
1259 3811 1357 3847 “es-
1453 3807 1699 3852 ancients.

363 3877 623 3930 peclally.”
