2967 4384
511 291 586 345 26
1427 291 1497 345 τ.
1532 289 1699 344 1.1v1
2367 291 2548 358 [xxiii.
2574 291 2613 344 4

510 464 840 542 Roman0,
897 464 1026 526 tria
1090 462 1274 524 milia
1338 463 1489 524 inde
1549 462 2072 540 Carpetanorum
2127 463 2427 541 peditum
2487 463 2612 525 iter

513 568 910 624 averterunt.
977 561 1339 624 Constabat
1360 580 1498 622 non
1522 568 1665 622 tam
1688 561 1857 623 bello
1876 568 2095 624 motos
2122 578 2327 639 quam
2347 563 2609 641 longin-

446 678 479 731 5
518 663 765 740 quitate
812 662 959 724 viae
1012 661 1517 739 inexsuperabili
1525 677 1648 738 que
1691 660 1960 739 Alpium
2008 662 2317 724 transitu.
2420 663 2610 724 Han-

446 777 482 826 6
514 761 714 838 nibal,
756 761 913 840 quia
953 778 1260 822 revocare
1306 766 1424 821 aut
1465 759 1533 821 vi
1584 760 1864 821 retinere
1907 777 2019 821 eos
2050 778 2303 846 ane-eps
2323 767 2487 839 erat,
2524 780 2607 823 ne

515 866 881 922 ceterorum
915 860 1118 921 etiam
1140 861 1390 921 feroces
1417 859 1625 920 animi
1655 860 2105 938 inritarentur,
2132 878 2332 938 supra
2361 867 2612 939 septem

514 961 698 1021 milia
755 961 1104 1020 hominum
1163 960 1392 1022 domos
1451 959 1725 1036 remisit,
1786 975 1949 1036 quos
1999 965 2065 1020 et
2117 960 2293 1038 ipsos
2350 961 2611 1038 gravari

515 1060 754 1120 militia
781 1065 1093 1136 senserat,
1130 1059 1533 1137 Carpetanos
1569 1074 1831 1136 quoque
1876 1057 1957 1120 ab
1998 1077 2067 1120 se
2114 1059 2417 1121 dimissos
2450 1059 2611 1158 sim-

450 1162 484 1212 1.
517 1161 729 1237 ulans.
817 1159 1048 1220 XXIV.
1101 1159 1283 1236 Inde,
1325 1176 1406 1219 ne
1438 1175 1628 1218 mora
1658 1163 1858 1235 atque
1900 1157 2112 1219 otium
2142 1159 2401 1220 animos
2431 1159 2611 1220 solli-

517 1260 770 1338 citaret,
801 1277 956 1322 cum
1001 1259 1270 1338 reliquis
1317 1258 1520 1337 copiis
1550 1257 1966 1336 Pyrenaeum
2014 1258 2493 1338 transgreditur
2546 1264 2611 1321 et

519 1359 603 1421 ad
636 1359 946 1437 oppidum
974 1356 1226 1418 Iliberri
1254 1363 1470 1419 castra
1503 1357 1702 1419 locat.

452 1473 486 1523 1.
701 1458 950 1519 XXVI.
1001 1459 1090 1518 Et
1131 1459 1204 1519 P.
1245 1457 1586 1518 Cornelius
1622 1456 1693 1516 in
1729 1458 1953 1518 locum
1992 1457 2156 1537 eiuS,
2202 1475 2371 1538 quae
2408 1459 2614 1521 missa

522 1576 676 1619 cum
728 1563 1027 1637 praetore
1077 1561 1245 1636 erat,
1295 1555 1547 1635 scripta
1595 1556 1854 1632 legione
1901 1573 2083 1619 nova
2136 1558 2476 1635 profectus
2525 1559 2615 1620 ab

520 1657 684 1718 urbe
737 1658 1081 1734 sexaginta
1130 1655 1345 1733 longis
1395 1654 1687 1717 navibus
1743 1662 2007 1734 praeter
2060 1673 2249 1718 oram
2304 1658 2616 1719 Etruriae

528 1757 974 1835 Ligurumque
1026 1760 1095 1817 et
1145 1756 1299 1816 inde
1355 1755 1728 1842 Salluvium
1778 1755 2031 1816 montis
2085 1757 2393 1833 pervenit
2442 1757 2615 1818 Mas-

452 1858 739 1918 4siliam
768 1863 837 1918 et
864 1857 953 1918 ad
987 1872 1385 1935 proxumum
1415 1855 1666 1916 ostium
1698 1855 2405 1934 Rhodani—pluribus
2437 1857 2617 1918 enim

529 1957 777 2017 divisus
818 1957 1035 2018 amnis
1075 1956 1146 2016 in
1202 1973 1386 2017 mare
1431 1955 2033 2017 decurrit—castra
2089 1955 2294 2034 locat,
2341 1957 2618 2018 vixdum

525 2057 688 2117 satis
724 2055 997 2117 credens
1045 2055 1495 2117 Hannibalem
1540 2071 1887 2132 superasse
1922 2057 2298 2134 Pyrenaeos
2344 2056 2615 2118 montis.

455 2161 490 2214 5
524 2157 738 2236 Quem
777 2162 856 2218 ut
903 2157 980 2217 de
1026 2156 1338 2216 Rhodani
1384 2172 1650 2234 quoque
1689 2155 1979 2216 transitu
2018 2155 2277 2232 agitare
2304 2156 2615 2218 animad-

529 2257 755 2334 vertit,
815 2257 1130 2334 incertus,
1195 2272 1488 2334 quonam
1546 2255 1607 2316 ei
1663 2255 1811 2316 loco
1872 2262 2271 2335 occurreret,
2330 2257 2621 2317 necdum

527 2375 601 2418 sa
611 2357 692 2418 tis
717 2356 980 2418 refectis
1006 2356 1094 2418 ab
1121 2355 1483 2417 iactatione
1511 2355 1877 2416 marituma
1902 2355 2255 2434 militibus,
2290 2361 2622 2417 trecentos

526 2456 797 2518 interim
836 2457 1124 2517 delectos
1158 2455 1417 2534 equites
1455 2454 1736 2516 ducibus
1771 2454 2296 2516 Massiliensibus
2332 2461 2402 2517 et
2436 2456 2621 2517 auxi-

526 2555 802 2618 liaribus
868 2556 1067 2618 Gallis
1127 2554 1211 2617 ad
1279 2553 1686 2633 exploranda
1748 2554 1974 2615 omnia
2036 2555 2481 2634 visendosque
2542 2572 2623 2617 ex

459 2662 497 2713 6
533 2662 683 2718 tuto
711 2656 937 2718 hostes
971 2656 1364 2734 praemittit.
1400 2654 1742 2716 Hannibal
1772 2654 2008 2715 ceteris
2038 2661 2228 2716 metu
2259 2661 2376 2716 aut
2413 2656 2620 2732 pretio

536 2757 790 2834 pacatis
828 2757 966 2817 iam
1001 2757 1073 2817 in
1113 2755 1470 2816 Volcarum
1513 2757 1909 2831 pervenerat
1945 2771 2205 2833 agrum,
2245 2755 2465 2832 gentis
2508 2773 2623 2817 va-

529 2855 726 2917 lidae.
817 2855 1061 2916 Colunt
1106 2859 1336 2915 autem
1383 2853 1557 2914 circa
1602 2856 1962 2930 utramque
2010 2851 2228 2930 ripam
2278 2853 2625 2933 Rhodani;

533 2957 649 3018 sed
687 2956 880 3017 diffisi
913 2956 1210 3017 citeriore
1243 2971 1402 3031 agro
1434 2952 1643 3013 arceri
1679 2954 1979 3015 Poenum
2012 2970 2225 3032 posse,
2260 2955 2627 3030 muman

533 3156 579 3196 is
597 3154 786 3205 always
805 3153 920 3194 that,
931 3154 985 3194 ot
1008 3152 1077 3193 its
1094 3151 1525 3202 complementary
1626 3149 1807 3190 XXVI.
1883 3150 1989 3194 8-6.
2061 3149 2521 3197 XXVII-XXVIII.
2574 3154 2625 3198 4.

532 3221 798 3262 infinitive.
832 3221 909 3259 An
929 3222 1174 3270 apparent
1192 3217 1456 3268 exception
1472 3223 1526 3255 to
1626 3215 1807 3268 Scipio
1820 3217 1928 3260 and
1944 3216 2220 3261 Hannibal
2236 3221 2296 3261 at,
2310 3219 2410 3263 the
2424 3220 2630 3264 Rhone.

535 3289 642 3329 this
669 3287 780 3328 rule
805 3296 996 3332 occurs,
1031 3287 1176 3325 when
1206 3285 1291 3324 the
1325 3283 1528 3334 passive
1722 3282 1998 3327 Hannibal
2014 3283 2233 3327 Crosses
2256 3284 2355 3330 the
2372 3286 2552 3328 River,

535 3354 792 3395 infinitivo
807 3354 903 3393 has
921 3363 952 3393 a
969 3352 1158 3392 middle
1175 3353 1324 3391 force.
1685 3349 1730 3392 1.
1787 3349 1929 3395 eiust
1982 3360 2048 3392 sc.
2096 3349 2310 3402 leqionis.
2377 3353 2628 3403 praeter:

587 3422 635 3465 6.
690 3427 915 3470 anceps:
946 3417 1318 3468 “dangerous.”
1635 3418 1911 3467 “coasting
1928 3417 2131 3467 along.”
2175 3417 2509 3467 naamam:
2536 3419 2633 3462 the

588 3487 769 3528 XXIV.
818 3487 864 3529 1.
917 3483 1166 3529 Iliberri:
1181 3483 1529 3529 indeclinatus,
1635 3483 1847 3524 modern
1864 3483 2157 3526 Marseilles.

538 3554 595 3596 in
629 3551 921 3605 apposition
953 3551 1079 3592 with
1105 3549 1349 3599 oppidum.
1403 3549 1536 3590 Here
1689 3551 1734 3592 5.
1790 3549 2131 3595 occurreret:
2158 3559 2227 3592 an
2252 3549 2469 3592 indirecta
2485 3551 2632 3591 delib-

539 3622 682 3662 there
713 3629 820 3661 was
846 3623 904 3660 at,
928 3619 1044 3659 first
1068 3625 1209 3659 some
1241 3616 1537 3667 opposition
1636 3615 1830 3656 erative
1847 3616 2094 3666 question.
2137 3615 2447 3662 lactatione
2463 3618 2632 3662 man..

539 3698 607 3728 on
624 3689 710 3728 the
727 3691 847 3738 part,
862 3687 917 3726 ot
937 3687 1024 3726 the
1035 3684 1218 3732 Gau1s3
1239 3683 1374 3723 their
1386 3683 1539 3723 chier·
1637 3681 1818 3726 tuma:
1841 3682 2215 3725 “sea-sickness.
2226 3684 2254 3703 ’⁹

541 3755 690 3800 taius,
707 3755 952 3800 however,
970 3752 1027 3792 in
1044 3761 1112 3792 an
1127 3749 1394 3791 interview
1409 3749 1539 3789 with
1691 3750 1739 3793 e.
1797 3748 2002 3800 gentis:
2058 3750 2113 3790 in
2162 3750 2461 3801 apposition
2512 3751 2638 3792 with

541 3819 811 3866 Hannibal,
830 3829 960 3859 were
973 3817 1252 3869 persuaded
1272 3821 1325 3857 bo
1351 3816 1544 3866 permit,
1654 3813 1916 3857 Volcarum.
1963 3815 2469 3860 coluntz=incoczmc.
2530 3817 2638 3864 dff-

542 3889 629 3928 the
646 3885 1038 3934 Carthaginians
1058 3888 1111 3923 to
1137 3893 1257 3934 pass
1281 3881 1337 3922 in
1355 3884 1540 3932 safety.
1644 3882 1754 3924 nsi:
1770 3883 1903 3922 from
1921 3881 2093 3932 diffido.
