2967 4384
347 195 508 250 xviii.
539 193 603 262 ³]
1174 194 1406 248 mna
1437 193 1637 248 xxv1
2332 195 2441 248 119

350 367 688 429 efficacem
747 366 819 426 in
877 366 1280 428 maturanda
1340 372 1554 428 morte
1618 365 1756 426 vim
1818 367 2055 429 veneni
2113 367 2441 429 fecerunt:

350 467 578 547 itaque
613 472 880 528 noctem
914 471 1128 528 totam
1167 465 1460 544 plerique
1496 483 1729 527 eorum
1763 472 1829 528 et
1870 466 1996 528 diei
2031 467 2171 529 inse
2179 467 2441 546 quentis

355 575 610 648 partem
639 585 794 629 cum
820 565 1118 628 animam
1146 566 1451 644 egissent,
1482 583 1713 627 omnes
1740 572 1969 628 tamen
2001 565 2202 645 priuS,
2238 584 2440 646 quam

348 668 760 748 aperirentur
800 667 1102 729 hostibus
1148 673 1397 745 portae,
1439 665 1846 744 expirarunt.

519 771 787 832 Postero
837 766 939 829 die
989 772 1177 845 porta
1219 765 1423 844 Iovis„
1464 784 1633 846 quae
1678 766 1999 829 adversus
2045 776 2260 830 castra
2305 769 2439 829 Ro·
2472 775 2509 826 6

347 887 550 932 mana
585 875 748 946 erat,
783 866 968 928 iussu
1007 867 1415 946 proconsulis
1450 874 1687 945 aperta
1721 873 1840 930 est.
1928 869 2027 930 Ea
2061 867 2439 931 intromissa

345 970 514 1048 legio
556 987 694 1031 una
735 974 800 1030 et
847 967 1016 1030 duae
1057 968 1203 1030 alae
1247 985 1400 1030 cum
1445 968 1515 1030 C.
1562 968 1796 1029 Fulvio
1837 969 2076 1045 legato.
2164 969 2242 1030 Is
2285 987 2438 1031 cum
2471 979 2508 1030 7

348 1072 648 1134 omnium
691 1068 979 1148 primum
1025 1085 1214 1130 arma
1251 1069 1538 1146 telaque,
1584 1086 1751 1146 quae
1796 1068 2061 1147 Capuae
2101 1077 2309 1152 erant,
2349 1069 2435 1131 ad

345 1190 415 1235 se
447 1170 848 1233 conferenda
879 1177 1195 1247 curasset,
1229 1169 1545 1231 custodiis
1576 1169 1663 1230 ad
1698 1186 1927 1231 omnes
1963 1175 2185 1248 portas
2221 1169 2436 1248 dispo-

345 1272 507 1350 sitis,
557 1289 641 1334 ne
697 1271 841 1350 quis
892 1270 1065 1332 exire
1117 1275 1233 1331 aut
1288 1269 1509 1331 emitti
1564 1275 1803 1347 posset,
1863 1269 2264 1348 praesidium
2312 1273 2439 1332 Pu-

345 1373 571 1435 nicum
609 1369 1131 1448 comprehendit,
1171 1377 1478 1431 senatum
1523 1369 1942 1447 Campanum
1982 1370 2076 1432 ire
2113 1369 2185 1430 in
2222 1377 2436 1432 castra

345 1472 433 1534 ad
486 1472 919 1550 imperatores
974 1470 1314 1530 Romanos
1366 1467 1578 1530 iussit.
1671 1468 1815 1547 Quo
1870 1487 2024 1530 cum
2081 1469 2435 1548 venissent,
2468 1485 2505 1536 8

345 1570 676 1650 extemplo
743 1569 822 1632 iis
893 1569 1202 1649 omnibus
1272 1578 1547 1631 catenae
1614 1568 1919 1647 iniectae,
1986 1569 2280 1649 iussique
2347 1569 2434 1631 ad

349 1678 726 1752 quaestores
785 1669 1034 1731 deferre
1093 1669 1269 1749 quod
1323 1669 1469 1731 auri
1523 1677 1594 1730 at
1603 1687 1728 1748 que
1780 1669 2038 1747 argenti
2089 1669 2431 1732 haberent.

341 1772 503 1833 Auri
548 1771 769 1850 pondo
816 1770 945 1831 duo
988 1769 1172 1831 milia
1213 1769 1636 1847 septuaginta
1674 1769 1826 1848 fuit,
1868 1770 2126 1847 argenti
2164 1769 2435 1847 triginta

341 1872 524 1935 milia
583 1870 805 1949 pondo
858 1875 923 1931 et
977 1869 1155 1931 mille
1214 1869 1521 1932 ducenta.
1616 1871 1962 1932 Senatores
2024 1869 2315 1948 quinque
2369 1877 2432 1933 et
2466 1877 2503 1928 9

347 1971 579 2050 viginti
613 1970 799 2032 Cales
832 1968 902 2028 in
937 1968 1330 2047 custodiam,
1371 1968 1860 2046 duodetriginta
1892 1970 2191 2030 Teanum
2226 1969 2432 2048 missi,

349 2087 631 2151 quorum
695 2069 774 2131 de
833 2068 1160 2130 sententia
1220 2069 1507 2130 maxime
1572 2068 1895 2130 descitum
1954 2069 2042 2130 ab
2112 2069 2433 2131 Romanis

345 2169 716 2234 constabat.

512 2269 752 2332 XVIII.
798 2269 979 2332 Inter
1028 2268 1194 2330 haec
1235 2269 1601 2348 Hispaniae
1657 2269 1884 2348 populi
1934 2288 2057 2332 nec
2117 2271 2230 2350 qui
2285 2278 2431 2349 post
2467 2277 2500 2328 1

343 2370 602 2434 cladem
639 2376 985 2447 acceptam
1027 2368 1397 2431 defecerant
1436 2368 1743 2432 redibant
1782 2369 1871 2431 ad
1910 2371 2272 2448 RomanoS,
2310 2388 2431 2431 nec

341 2470 460 2533 ulli
486 2469 648 2532 novi
680 2468 1094 2531 deficiebant.
1181 2469 1266 2531 Et
1296 2469 1551 2530 Romae
1580 2469 1840 2531 senatui
1873 2470 2251 2549 populoque
2284 2477 2429 2549 post
2465 2479 2501 2529 2

342 2579 678 2650 receptam
720 2571 1020 2648 Capuam
1059 2585 1197 2628 non
1235 2568 1465 2631 Italiae
1507 2568 1647 2629 iam
1688 2569 1901 2630 maior
1946 2588 2148 2648 quam
2188 2569 2430 2648 Hispa-

340 2671 491 2734 niae
547 2689 704 2732 cura
759 2677 920 2733 erat.
1008 2670 1092 2732 Et
1149 2668 1509 2729 exercitum
1562 2669 1789 2746 augeri
1842 2677 1906 2732 et
1961 2670 2431 2748 imperatorem

341 2770 516 2834 mitti
574 2771 897 2850 placebat.
985 2771 1116 2831 Nec
1169 2776 1334 2846 tam,
1396 2786 1595 2847 quem
1648 2769 2006 2847 mitterent,
2062 2769 2221 2831 satis
2276 2788 2431 2831 con—
2464 2778 2501 2830 3

340 2871 582 2948 stabat,
639 2887 839 2948 quam
888 2867 1074 2945 illud,
1126 2867 1243 2928 ubi
1298 2866 1428 2928 duo
1479 2868 1725 2928 summi
1774 2867 2206 2946 imperatores
2255 2869 2431 2932 intra

346 2970 482 3032 dies
527 2968 798 3048 triginta
863 2966 1271 3044 cecidissent,
1327 2966 1439 3045 qui
1486 2967 1557 3027 in
1603 2968 1826 3029 locum
1879 2968 2163 3030 duorum
2210 2988 2431 3032 succe-

392 3205 438 3248 ῦ.
495 3202 740 3247 animam
751 3199 1336 3253 egissentzconcessive.
1433 3201 1521 3242 the
1554 3202 1730 3243 consul
1763 3203 1817 3242 ot
1850 3203 1941 3249 218,
1972 3203 2070 3243 and
2100 3203 2181 3244 his
2209 3205 2431 3251 brother.

341 3269 560 3312 Animam
585 3267 936 3319 aqere=viverae.
1432 3267 1520 3308 Cn.
1552 3267 1722 3320 Scipio
1756 3269 1839 3319 (21.
1870 3269 1931 3308 32.
1962 3269 2021 3318 3),
2042 3278 2173 3310 were
2200 3271 2430 3312 defeated

391 3338 438 3382 8.
489 3334 697 3388 vendo:
725 3343 793 3375 an
825 3333 1158 3375 indeclinable
1182 3342 1336 3380 noun,
1431 3333 1489 3374 in
1523 3332 1682 3385 Spain
1710 3334 1767 3376 in
1795 3336 1881 3376 the
1908 3344 2029 3386 year
2045 3337 2122 3376 212
2154 3336 2233 3386 (π.
2262 3338 2426 3388 32-39);

340 3402 616 3454 originally
657 3409 725 3442 au
777 3399 999 3442 ablativo
1049 3401 1104 3440 ot
1147 3400 1339 3450 pondus
1433 3401 1521 3440 the
1553 3401 1743 3442 former
1784 3402 1851 3452 by
1892 3401 2196 3448 Hasdrubal,
2241 3412 2337 3444 son
2377 3405 2433 3444 ot

346 3468 593 3521 (weigln).
643 3467 751 3510 'Phe
776 3467 875 3508 tull
901 3467 1036 3507 torm
1054 3475 1161 3508 was
1172 3466 1338 3516 pondo
1433 3467 1613 3516 Gisgm
1642 3470 1730 3508 the
1746 3468 1902 3508 latter
1930 3469 1996 3518 by
2015 3469 2322 3516 Hasdrubal,
2344 3471 2431 3511 the

342 3535 479 3578 libra.
1434 3542 1527 3573 son
1544 3535 1599 3573 ot
1616 3535 1890 3575 Hamilcar.
1940 3535 2075 3575 Both
2094 3536 2206 3575 died
2226 3537 2431 3586 bravely

392 3605 439 3648 9.
494 3601 770 3648 descitum
805 3600 986 3651 (essex
1014 3600 1335 3651 impersonal.
1433 3609 1502 3640 on
1520 3601 1607 3640 the
1624 3600 1740 3640 field
1758 3603 1814 3641 ot
1832 3602 2003 3641 battle.

342 3668 684 3714 XVIII-XIX.
743 3669 790 3712 6.
843 3667 1037 3718 Young
1074 3665 1254 3717 Scipio
1291 3667 1339 3708 is
1485 3667 1532 3710 3.
1587 3666 1755 3710 illud:
1784 3667 2050 3717 explained
2070 3669 2134 3718 by
2154 3670 2294 3720 (eum)
2322 3667 2430 3708 deli-

442 3741 570 3780 sent.
593 3747 655 3779 as
671 3733 968 3778 Proconsul
981 3737 1040 3776 to
1058 3733 1239 3784 Spain.
1434 3732 1635 3783 qendum
1652 3743 1761 3774 enee.

396 3805 441 3848 1.
496 3801 732 3847 cladem:
769 3801 824 3841 P.
856 3799 1118 3842 Cornelius
1157 3798 1338 3852 Scipio,
