2967 4384
521 267 629 320 168
1440 267 1506 320 Τ.
1546 267 1713 323 LIV'I
2328 270 2546 336 [xxxiv.
2586 271 2618 322 1

517 444 770 499 menta:
818 454 1186 516 congruens
1233 440 1483 502 clamor
1530 439 1617 502 ab
1664 440 1988 502 Romanis
2036 457 2247 519 eoque
2293 441 2507 503 maior
2552 447 2617 505 et

516 539 890 616 terribilior,
945 538 1246 600 dissonae
1295 539 1446 618 illis,
1492 546 1567 602 ut
1614 540 1913 620 gentium
1960 542 2327 603 multarum
2378 542 2616 603 discre-

446 641 483 692 2
521 638 834 716 pantibus
877 635 1142 716 linguis,
1190 655 1415 716 voces3
1463 657 1686 718 pugna
1730 641 2041 702 Romana
2082 641 2339 703 stabilis
2384 647 2449 702 et
2493 659 2614 703 suo

515 745 580 800 et
620 755 961 801 armorum
1006 739 1293 816 pondere
1333 739 1867 801 incumbentium
1904 741 1976 800 in
2015 741 2298 818 hostem,
2340 759 2616 802 concur-

445 852 481 902 3
516 838 685 900 satio
729 845 793 900 et
837 838 1153 900 velocitas
1195 839 1377 900 illinc
1423 839 1639 901 maior
1687 857 1891 918 quam
1934 841 2056 902 vis,
2147 842 2357 921 Igitur
2400 842 2614 920 primo

515 938 770 1017 impetu
815 939 1146 1017 extemplo
1191 955 1460 1001 movere
1505 940 1652 1001 loco
1689 938 1994 1010 >hostium
2038 939 2252 1002 aciem
2297 939 2608 1002 Romani.

513 1038 637 1101 Ala
676 1038 912 1100 deinde
949 1044 1014 1099 et
1048 1037 1454 1099 umbonibus
1494 1039 1853 1117 pulsantes,
1889 1039 1961 1100 in
1994 1045 2367 1102 summotos
2398 1041 2611 1120 gradu

513 1138 742 1216 inlato,
770 1138 1192 1216 aliquantum
1225 1139 1424 1216 spatii
1451 1140 1633 1200 velut
1666 1140 1849 1201 nullo
1881 1140 2223 1228 resistente
2266 1141 2609 1219 incessere,

444 1251 481 1304 4
513 1238 903 1318 urgentibus
938 1245 1002 1300 et
1037 1238 1417 1300 novissimis
1457 1239 1725 1317 primOS,
1761 1245 1837 1300 ut
1872 1242 2073 1302 semel
2109 1247 2365 1302 motam
2398 1240 2611 1302 aciem

511 1357 794 1417 sensere,
832 1340 1010 1418 quod
1042 1340 1264 1418 ipsum
1296 1339 1436 1400 vim
1466 1357 1785 1419 magnam
1816 1341 1904 1402 ad
1940 1340 2322 1419 pellendum
2349 1341 2609 1403 hostem

442 1454 477 1504 5
511 1440 824 1501 addebat.
915 1438 1114 1518 Apud
1138 1439 1361 1500 hostes
1385 1438 1737 1500 auxiliares
1762 1440 2069 1500 cedentes
2093 1439 2387 1501 secunda
2410 1440 2606 1517 acies,

509 1540 652 1600 Afri
688 1547 751 1601 et
790 1538 1384 1617 Carthaginienses,
1412 1539 1581 1599 adeo
1618 1556 1755 1599 non
1790 1539 2228 1617 sustinebant,
2265 1546 2341 1601 ut
2377 1547 2606 1602 contra

511 1641 734 1717 etiam,
770 1659 852 1701 ne
889 1640 1262 1701 resistentes
1300 1639 1722 1717 pertinaciter
1760 1639 2007 1717 primos
2041 1641 2380 1701 caedendo
2416 1641 2502 1701 ad
2536 1658 2603 1701 se

440 1752 476 1802 6
515 1739 882 1816 perveniret
949 1739 1178 1816 hostiS,
1245 1738 1484 1818 pedem
1549 1738 1889 1802 referrent.
1981 1738 2190 1818 Igitur
2256 1739 2605 1802 auxiliares

508 1846 692 1919 terga
740 1841 899 1901 dant
941 1846 1230 1918 repente,
1275 1845 1339 1900 et
1380 1839 1451 1899 in
1494 1854 1649 1900 suos
1693 1839 1866 1900 versi
1911 1838 2155 1918 partim
2194 1839 2491 1920 refugere
2533 1840 2603 1900 in

508 1941 873 2001 secundam
912 1939 1145 2017 aciem,
1192 1937 1436 2017 partim
1475 1956 1614 1998 non
1653 1939 2045 2017 recipientes
2086 1938 2382 2017 caedere,
2423 1945 2497 2000 ut
2538 1946 2603 2001 et

438 2051 473 2102 7
512 2040 709 2116 paulo
757 2046 910 2101 ante
960 2056 1094 2099 non
1141 2038 1355 2099 adiuti
1401 2042 1467 2099 et
1513 2043 1675 2099 tunc
1723 2038 1989 2100 exclusi.
2080 2039 2165 2100 Et
2216 2056 2417 2118 prope
2471 2039 2599 2100 duo

507 2139 643 2199 iam
687 2139 1008 2216 permixta
1052 2138 1299 2216 proelia
1339 2143 1550 2215 erant,
1594 2155 1750 2198 cum
1790 2137 2365 2217 Carthaginienses
2405 2139 2600 2200 simul

507 2256 662 2299 cum
685 2239 1010 2315 hostibuS,
1029 2238 1226 2299 simul
1245 2254 1400 2299 cum
1415 2238 1553 2299 suis
1572 2244 1962 2317 cogerentur
1978 2255 2219 2298 manus
2238 2255 2597 2301 conserere.

435 2349 472 2399 8
504 2338 650 2398 Non
678 2345 904 2400 tamen
932 2338 1026 2399 ita
1058 2338 1390 2416 perculsos
1416 2337 1753 2415 iratosque
1782 2337 1852 2396 in
1880 2336 2093 2398 aciem
2120 2355 2452 2415 accepere,
2482 2339 2600 2400 sed

510 2438 798 2500 densatis
836 2437 1178 2499 ordinibus
1214 2437 1284 2496 in
1323 2453 1573 2498 cornua
1611 2454 2035 2515 vacuumque
2074 2436 2247 2498 circa
2284 2455 2599 2516 campum

503 2545 688 2600 extra
745 2538 1066 2617 proelium
1117 2537 1384 2614 eiecere,
1438 2554 1523 2598 ne
1580 2537 1826 2615 pavido
1878 2537 2041 2617 fuga
2092 2542 2157 2598 et
2212 2537 2597 2599 vulneribus

433 2647 469 2698 9
503 2638 708 2700 milite
747 2639 1074 2699 sinceram
1111 2643 1175 2698 et
1213 2638 1541 2717 integram
1578 2637 1792 2699 aciem
1830 2637 2201 2699 miscerent.
2292 2637 2599 2700 Ceterum

501 2745 689 2801 tanta
728 2745 977 2818 strages
1013 2737 1366 2798 hominum
1397 2754 1870 2815 armorumque
1908 2732 2153 2815 locum,
2192 2736 2261 2797 in
2296 2755 2427 2816 quo
2468 2745 2596 2800 ste-

500 2845 716 2900 terant
793 2839 992 2917 paulo
1063 2844 1217 2899 ante
1288 2837 1663 2915 auxiliareS,
1731 2838 2201 2916 compleverat,
2262 2843 2337 2898 ut
2392 2855 2593 2917 prope

505 2938 826 3000 difficilior
888 2937 1205 3000 transitus
1270 2943 1459 3013 esset,
1532 2954 1734 3015 quam
1800 2953 1915 3016 per
1978 2937 2309 3000 confertos
2372 2937 2595 2999 hostes

396 3048 465 3098 10
499 3040 735 3101 fuerat.
827 3040 1084 3116 Itaque,
1143 3037 1256 3116 qui
1312 3037 1507 3116 primi
1560 3044 1769 3115 erant,
1823 3037 2070 3099 hastati
2126 3055 2240 3116 per
2292 3039 2593 3099 cumulos

500 3156 853 3219 corporum
902 3154 1373 3215 armorumque
1425 3143 1489 3199 et
1537 3137 1766 3199 tabem
1813 3136 2176 3216 sanguiniS,
2232 3155 2364 3217 qua
2417 3138 2593 3216 quis-

505 3258 627 3318 que
675 3245 951 3318 poterat,
995 3243 1344 3316 sequentes
1385 3237 1647 3298 hostem
1688 3242 1753 3299 et
1794 3237 1983 3316 signa
2024 3242 2089 3298 et
2132 3237 2395 3298 ordines
2436 3254 2593 3298 con-

497 3340 832 3402 fuderunt.
924 3338 1308 3417 Principum
1353 3355 1617 3415 quoque
1658 3337 1848 3416 signa
1888 3337 2195 3398 fluctuari
2237 3343 2591 3414 coeperant

2485 3488 2585 3495 —.

1589 3552 1675 3592 the
1718 3551 1928 3600 subject,
1968 3550 2107 3597 acies,
2145 3551 2238 3590 but
2282 3549 2351 3590 its
2396 3550 2590 3601 apposi-

1589 3618 1731 3658 tives.

548 3557 595 3600 2.
649 3553 1108 3598 incumbentium:
1148 3561 1324 3601 agrees
1368 3551 1493 3590 with

498 3624 584 3664 the
610 3623 831 3673 genitive
862 3621 1070 3671 implied
1091 3620 1145 3659 in
1176 3628 1260 3658 suo
1280 3617 1496 3658 :Roma-

497 3699 678 3729 norum.
1641 3686 1684 3727 5.
1741 3682 2039 3728 caedendo:
2060 3684 2124 3724 ct.
2153 3682 2587 3727 cedendo.21.⁴e.⁹.

548 3757 594 3800 8.
649 3755 765 3799 ala:
803 3754 1037 3805 properly
1071 3753 1192 3793 “the
1233 3750 1491 3802 arm-pit.’'
1587 3752 1685 3791 and
1706 3750 1952 3795 cernendo.
1978 3751 2036 3790 10.

497 3822 762 3863 Translate
784 3822 938 3860 ⁴·with
958 3819 1089 3860 their
1107 3820 1339 3859 elbows.’·
1637 3818 1683 3864 8.
1722 3816 1931 3870 partim
1952 3846 1963 3861 .
1988 3846 2000 3862 ο
2026 3847 2037 3862 .
2059 3814 2291 3868 partim:
2314 3815 2470 3861 80823.
2490 3816 2527 3862 '7-
2550 3815 2588 3864 3.

551 3889 595 3936 5.
649 3885 1025 3933 sustinebant:
1055 3893 1229 3936 agrees
1249 3889 1339 3926 not
1366 3884 1491 3928 with
