2967 4384
485 241 594 300 1¹72
1407 243 1469 300 Τ.
1507 241 1671 302 nvi
2268 243 2515 314 [xxxvii.
2540 243 2579 300 4

411 434 449 483 4
485 421 830 481 domarent
851 421 1045 497 alios3
1094 419 1342 481 bellum
1361 438 1530 481 neve
1553 421 1623 480 in
1643 420 1866 481 Africa
1887 437 2055 480 neve
2078 425 2262 481 extra
2281 420 2578 481 Africam

479 520 734 580 iniussu
783 520 1012 597 populi
1057 520 1346 581 Romani
1390 525 1719 598 gererent3
1761 519 2149 581 Masinissae
2196 538 2297 580 res
2344 521 2577 581 redde-

411 634 446 683 5
480 625 625 680 rent
676 620 1043 697 foedusque
1096 637 1251 680 cum
1300 637 1378 680 eo
1428 619 1752 696 facerent3
1795 619 2209 680 frumentum
2258 619 2576 698 stipendi-

479 737 728 798 umque
775 720 1056 797 auxiliis,
1108 720 1313 781 donec
1360 718 1447 780 ab
1494 720 1711 780 Roma
1752 719 1952 797 legati
1997 737 2064 780 re
2074 719 2340 796 dissent,
2390 737 2577 798 prae-

477 825 750 882 starent.
842 820 1086 881 Decem
1131 820 1316 880 milia
1359 821 1689 906 talentum
1732 819 2008 898 argenti,
2058 819 2371 896 discripta
2419 837 2577 897 pen-

478 921 778 982 sionibus
799 921 1029 997 aequis
1049 920 1119 981 in
1141 937 1353 980 annos
1378 920 1884 998 quinquaginta,
1908 920 2267 995 solverent3
2313 919 2576 981 obsides

412 1036 448 1085 6
481 1026 751 1082 centum
801 1019 1126 1081 arbitratu
1187 1020 1510 1097 Scipionis
1565 1021 1817 1097 darent,
1889 1037 1971 1081 ne
2044 1020 2331 1080 minores
2388 1026 2577 1097 quat-

479 1120 852 1182 tuordecim
886 1120 1079 1180 annis
1112 1138 1245 1181 neu
1280 1120 1553 1199 triginta
1586 1120 1889 1182 maioreS.

413 1240 448 1290 7
652 1221 794 1282 Has
831 1220 1251 1281 condiciones
1287 1221 1488 1300 legati
1526 1237 1681 1281 cum
1721 1220 1996 1281 domum
2031 1220 2271 1281 referre
2309 1220 2470 1281 iussi
2507 1221 2576 1280 in

481 1320 789 1382 contione
825 1320 1115 1396 ederent,
1152 1326 1215 1381 et
1251 1320 1447 1400 Gisgo
1479 1321 1569 1381 ad
1607 1319 2122 1381 dissuadendam
2158 1337 2393 1397 pacem
2427 1337 2578 1398 pro-

481 1420 781 1483 cessisset
823 1421 1296 1498 audireturque
1340 1439 1382 1481 a
1423 1419 1848 1482 multitudine
1891 1419 2191 1497 inquieta
2234 1421 2471 1481 eadem
2512 1426 2577 1481 et

412 1535 450 1585 8
481 1520 730 1598 inbelli,
763 1508 1146 1598 indignatus
1176 1519 1517 1580 Hannibal
1551 1519 1678 1580 dici
1707 1538 1786 1581 ea
1814 1519 1885 1580 in
1912 1519 2031 1581 tali
2059 1509 2356 1597 tempore
2387 1519 2578 1580 audi-

481 1622 692 1698 rique,
737 1626 1079 1697 arreptum
1123 1619 1475 1697 Gisgonem
1517 1637 1724 1680 manu
1766 1637 1889 1680 sua
1932 1638 2011 1681 ex
2052 1618 2387 1697 superiore
2428 1619 2577 1679 loco

487 1719 785 1782 detraxit.
879 1720 1059 1798 Quae
1097 1719 1358 1780 insueta
1393 1718 1639 1779 liberae
1678 1718 1933 1780 civitati
1969 1718 2219 1796 species
2258 1735 2413 1804 cum
2449 1719 2579 1779 fre-

482 1821 723 1881 mitum
758 1819 986 1897 populi
1017 1819 1356 1895 movisset,
1394 1817 1815 1895 perturbatus
1846 1817 2150 1879 militaris
2184 1818 2287 1878 vir
2316 1817 2577 1879 urbana

413 1933 450 1984 9
480 1919 782 1981 libertate
857 1918 1146 1980 ‘novem’
1224 1917 1439 1994 inquit
1516 1916 1867 1978 ‘annorum
1913 1936 1954 1978 a
2004 1916 2194 1978 vobis
2246 1917 2579 1995 profectus

488 2026 632 2096 post
665 2024 925 2079 sextum
957 2025 1020 2080 et
1051 2017 1460 2079 tricesimum
1490 2034 1746 2077 annum
1776 2016 1961 2078 redii.
2052 2016 2371 2078 Militares
2402 2024 2579 2078 artes

490 2135 653 2196 quas
703 2135 809 2179 me
862 2136 903 2178 a
959 2134 1160 2195 puero
1212 2117 1482 2177 fortuna
1534 2133 1711 2175 nunc
1768 2115 2027 2193 privata
2078 2133 2254 2177 nunc
2311 2116 2579 2194 publica

378 2228 451 2280 10
489 2217 731 2294 docuit,
790 2217 991 2294 probe
1065 2217 1294 2279 videor
1360 2215 1554 2293 scire;
1612 2214 1796 2276 urbis
1848 2233 1925 2276 ac
1977 2214 2105 2275 fori
2155 2214 2324 2293 iura,
2375 2216 2575 2294 legeS‚

484 2334 700 2378 mores
725 2333 844 2378 vos
881 2335 986 2378 me
1025 2322 1282 2395 oportet
1343 2315 1678 2377 doceatis!
1765 2314 2097 2377 Excusata
2125 2314 2577 2393 imprudentia

491 2418 568 2477 de
629 2435 787 2493 pace
842 2416 1069 2488 multis
1126 2415 1344 2477 verbis
1405 2414 1728 2491 disseruit,
1792 2432 2005 2493 quam-
2047 2433 2168 2476 nec
2224 2415 2457 2493 iniqua
2513 2422 2579 2478 et

382 2524 452 2575 13
485 2516 855 2577 necessaria
882 2522 1072 2577 esset.
1162 2514 1347 2591 Sunt,
1383 2515 1496 2592 qui
1522 2513 1974 2575 Hannibalem
2001 2533 2079 2575 ex
2107 2514 2246 2576 acie
2276 2516 2365 2576 ad
2392 2533 2577 2577 mare

493 2615 886 2692 pervenisse,
930 2615 1084 2676 inde
1132 2615 1525 2692 praeparata
1582 2632 1755 2675 nave
1786 2614 1874 2675 ad
1909 2632 2149 2694 regem·
2172 2615 2579 2676 Antiochum

489 2716 815 2793 extemplo
857 2714 1226 2792 profectum
1265 2713 1555 2791 tradant,
1598 2713 2089 2792 postulantique
2143 2720 2296 2775 ante
2353 2715 2578 2775 omnia

488 2814 796 2893 Scipioni,
849 2820 924 2875 ut
975 2813 1316 2875 Hannibal
1367 2813 1495 2874 sibi
1544 2815 1935 2890 traderetur,
1989 2831 2383 2892 responsum
2437 2833 2575 2875 esse

489 2916 938 2977 Hannibalem
985 2913 1055 2974 in
1102 2913 1325 2975 Africa
1374 2929 1511 2973 non
1560 2931 1721 2976 esse.

541 3095 795 3136 XXXVII.
845 3096 888 3137 5.
937 3092 1318 3145 pensionibus:
1339 3096 1484 3142 “pay·
1631 3093 1710 3136 18.
1766 3091 2117 3137 Antiochum:
2164 3093 2449 3134 Antiochus
2483 3093 2577 3140 111,

490 3163 706 3203 ments.”
1578 3159 1703 3208 king
1736 3160 1791 3199 ot
1824 3158 1987 3208 Syria,
2025 3160 2284 3210 protected
2320 3159 2578 3200 Hannibal

542 3231 588 3272 6.
642 3229 905 3273 minores:
935 3237 998 3267 sc.
1021 3227 1152 3265 natu.
1579 3225 1714 3265 until
1742 3224 1827 3271 189,
1848 3226 2007 3271 when,
2025 3227 2159 3266 aiter
2187 3235 2219 3267 a
2246 3224 2579 3274 humiliating

542 3297 589 3338 8.
645 3294 879 3345 speeies:
911 3295 1136 3334 “scene”
1579 3291 1747 3332 defeat,
1773 3294 1829 3331 at
1855 3291 2115 3341 Magnesia
2134 3295 2190 3334 at.
2215 3293 2303 3332 the
2332 3291 2498 3332 hands
2522 3291 2579 3332 ot

543 3362 589 3406 ⁹.
644 3368 840 3405 novem
856 3367 1148 3404 annorum:
1171 3368 1376 3407 sepnor.
1407 3359 1478 3399 Cf.
1580 3357 1634 3398 L.
1674 3357 1937 3398 Cornelius
1980 3357 2167 3408 Scipio,
2204 3357 2269 3398 he
2304 3366 2411 3398 was
2444 3365 2575 3398 eom-

490 3429 553 3470 21.
576 3428 610 3467 1.
630 3428 667 3468 4.
1576 3424 1738 3475 pelled
1757 3427 1812 3464 to
1829 3424 1977 3464 make
1995 3433 2143 3474 peace
2160 3423 2286 3464 with
2305 3424 2473 3464 Rome.
