2967 4384
375 213 511 268 xlvi.
538 215 597 279 5]
1192 217 1421 271 LIBER
1455 218 1685 271 XXVII
2362 225 2466 275 131

377 387 838 465 suscepissent,
881 395 979 466 ut,
1030 405 1227 466 quem
1270 389 1356 450 ad
1399 391 1679 451 modum
1722 407 1898 453 nunc
1942 392 2202 454 solliciti
2248 411 2465 470 prose·
2497 409 2535 460 9

383 494 736 564 querentur
801 506 933 565 eos,
998 489 1093 550 ita
1161 506 1406 567 paucos
1473 497 1620 568 post
1690 491 1825 552 dies
1888 493 2044 553 laeti
2109 493 2465 556 ovantibus

379 588 655 649 victoria
695 587 967 649 obviam
1005 589 1196 650 nent.
1286 590 1577 652 Invitare
1616 591 1770 652 inde
1815 609 1931 669 pro
1971 610 2038 653 se
2085 592 2359 670 quisque
2400 600 2463 656 et

376 689 607 750 offerre
652 695 716 750 et
756 688 1031 768 fatigare
1077 688 1398 767 precibus,
1447 695 1545 767 ut,
1600 707 1766 767 quae
1815 691 1974 768 ipsis
2021 692 2461 770 iumentisque
2499 702 2570 754 1ο

376 789 527 850 usui
563 795 800 866 essent,
838 789 926 850 ab
962 808 1028 851 se
1070 790 1489 867 potissimum
1523 797 1886 867 sumerent3
1924 790 2201 870 benigne
2240 794 2461 855 omnia

377 893 716 954 cumulata
756 891 930 953 dare.
1021 888 1346 950 Modestia
1383 895 1631 950 certare
1670 890 1930 967 milites,
1969 909 2050 952 ne
2094 891 2252 968 quid
2288 894 2462 955 ultra

374 1010 573 1055 usum
646 989 1090 1052 necessarium
1163 996 1527 1066 sumerent;
1600 989 1764 1050 nihil
1808 977 2103 1068 'morari,
2178 1010 2297 1053 nec
2373 993 2460 1054 ab
2497 998 2565 1046 11

375 1094 577 1174 signis
632 1091 812 1153 abire
867 1107 987 1151 nec
1043 1088 1396 1151 subsistere
1451 1088 1679 1149 cibum
1733 1090 2095 1167 capientes3
2155 1092 2327 1153 diem
2380 1111 2458 1153 ac

375 1200 640 1255 noctem
677 1193 799 1266 ire3
839 1190 950 1250 vix
995 1189 1172 1266 quod
1212 1189 1371 1250 satis
1409 1189 1501 1250 ad
1538 1190 1839 1251 naturale
1884 1190 2280 1252 desiderium
2320 1210 2461 1253 cor-

379 1311 615 1374 porum
672 1294 862 1367 esset,
926 1289 1127 1366 quieti
1188 1289 1362 1350 dare.
1451 1288 1538 1349 Et
1594 1289 1681 1349 ad
1740 1290 2059 1368 collegam
2120 1293 2454 1368 praemissi
2495 1296 2567 1347 12

375 1399 585 1471 erant,
658 1392 770 1470 qui
835 1390 1215 1451 nuntiarent
1283 1389 1652 1450 adventum
1723 1396 2457 1471 percunctarenturque,

375 1497 549 1557 clam
600 1510 688 1554 an
743 1492 984 1571 palam,
1037 1489 1324 1550 interdiu
1376 1506 1464 1549 an
1516 1494 1718 1550 noctu
1770 1490 1993 1551 venire
2046 1508 2184 1553 sese
2238 1494 2456 1570 vellet,

373 1596 587 1657 isdem
639 1611 728 1654 an
784 1591 929 1652 aliis
985 1589 1321 1650 considere
1379 1588 1628 1650 castriS.
1719 1589 1919 1650 Nocte
1977 1592 2150 1650 clam
2190 1591 2458 1670 ingredi

373 1696 609 1757 melius
647 1695 867 1754 visum
904 1697 1022 1752 est.

543 1795 765 1856 XLVI.
813 1793 1080 1853 Tessera
1142 1807 1255 1867 per
1311 1795 1528 1850 castra
1585 1788 1671 1849 ab
1730 1789 1916 1850 Livio
1975 1793 2239 1852 consule
2303 1794 2457 1855 data
2495 1806 2526 1854 1

375 1902 536 1973 erat,
569 1901 643 1956 ut
677 1893 983 1954 tribunus
1016 1890 1382 1966 tribunum,
1417 1889 1713 1949 centurio
1749 1891 2221 1968 centurionem,
2258 1910 2457 1970 eques

373 1997 684 2074 equitem,
735 1995 932 2073 pedes
982 1995 1269 2071 peditem
1313 1993 1665 2069 acciperet:
1711 2009 1926 2069 neque
1972 1992 2150 2053 enim
2198 1993 2457 2054 dilatari
2492 2007 2527 2056 2

374 2103 589 2158 castra
636 2112 803 2174 opus
850 2111 1010 2170 esse,
1059 2111 1140 2154 ne
1188 2094 1394 2153 hostis
1440 2094 1811 2154 adventum
1855 2095 2123 2154 alterius
2171 2094 2457 2154 consulis

373 2197 668 2272 sentiret;
725 2201 790 2256 et
849 2193 1168 2255 coartatio
1230 2193 1520 2271 plurium
1575 2192 1645 2251 in
1703 2198 1984 2271 angusto
2041 2193 2458 2255 tendentium
2500 2221 2507 2226 ·

372 2295 627 2358 facilior
687 2295 913 2355 futura
975 2300 1136 2370 erat,
1205 2294 1383 2370 quod
1444 2292 1850 2353 Claudianus
1913 2295 2231 2354 exercitus
2293 2294 2457 2355 nihil

373 2396 578 2457 ferme
646 2400 902 2473 praeter
965 2410 1152 2455 arma
1217 2408 1443 2453 secum
1508 2392 1579 2452 in
1644 2392 2129 2470 expeditionem
2193 2393 2454 2458 tulerat.

375 2496 679 2558 Ceterum
715 2496 784 2555 in
822 2496 967 2572 ipso
1004 2494 1234 2554 itinere
1273 2498 1549 2554 auctum
1588 2494 1977 2554 voluntariis
2016 2512 2255 2572 agmen
2294 2501 2456 2571 erat,
2491 2500 2528 2552 3

375 2595 800 2657 offerentibus
851 2595 1024 2654 ultro
1079 2610 1217 2654 sese
1272 2597 1333 2654 et
1388 2592 1724 2654 veteribus
1776 2593 2097 2654 militibus
2155 2594 2459 2671 perfunc-

374 2695 616 2757 tisiam
637 2694 873 2755 militia
896 2700 959 2755 et
983 2691 1358 2770 iuvenibus,
1389 2709 1554 2770 quos
1578 2693 1879 2754 certatim
1902 2693 2176 2755 nomina
2204 2694 2455 2770 danteS‚

374 2795 428 2856 si
497 2811 779 2872 quorum
845 2792 1134 2870 corporis
1199 2793 1448 2869 species
1514 2792 1846 2870 roburque
1913 2793 2159 2854 virium
2221 2799 2457 2871 aptum

372 2894 644 2956 militiae
719 2893 1094 2970 videbatur,
1168 2893 1664 2972 conscripserat.
1753 2892 1858 2954 Ad
1930 2893 2170 2954 Senam
2242 2901 2456 2955 castra
2491 2903 2528 2954 4
2608 2957 2612 2962 ,

371 2994 640 3056 alterius
678 2994 963 3055 consulis
1001 2998 1209 3069 erant,
1249 2999 1312 3054 et
1356 2993 1748 3071 quingentos
1784 2994 1991 3054 ferme
2029 2994 2183 3056 inde
2226 3012 2456 3073 passus

371 3095 752 3156 Hasdrubal
814 3094 1063 3155 aberat.
1154 3094 1388 3169 Itaque
1452 3109 1608 3153 cum
1668 3093 1806 3154 iam
1867 3093 2454 3172 adpropinquaret,

371 3200 582 3256 tectus
631 3195 969 3256 montibus
1016 3193 1307 3255 substitit
1354 3194 1546 3269 Ner0,
1596 3211 1677 3254 ne
1727 3201 1879 3254 ante
1929 3201 2194 3256 noctem
2242 3202 2455 3257 castra

372 3294 839 3374 ingrederetur.
929 3293 1198 3355 Silentio
1245 3293 1541 3371 ingressi,
1590 3293 1678 3354 ab
1726 3295 1830 3354 sui
1882 3295 2157 3372 quisque
2208 3296 2457 3356 ordinis
2490 3297 2525 3347 5

425 3492 502 3537 u.
556 3491 722 3544 quod:
743 3490 1014 3540 sammua.
1518 3492 1563 3534 3.
1618 3490 1928 3541 perfunctis
1955 3491 2185 3538 militia:
2207 3493 2281 3534 Le.
2303 3498 2457 3534 veter-

423 3560 598 3600 XLVI.
658 3561 701 3602 1.
754 3559 992 3602 tessera:
1039 3568 1070 3600 a
1105 3559 1264 3599 tablet
1298 3568 1364 3598 on
1413 3586 1418 3615 =
1467 3567 1573 3599 ans.

374 3627 535 3668 which
573 3628 659 3667 the
686 3627 866 3667 “order
895 3628 949 3666 ot
978 3627 1063 3666 the
1096 3627 1226 3677 day'’
1257 3635 1363 3667 was
1515 3627 1563 3669 4.
1620 3625 1781 3670 Sena:
1821 3636 1851 3666 a
1878 3626 2075 3667 Roman
2110 3628 2289 3677 colony
2324 3637 2391 3667 on
2426 3637 2457 3668 a

373 3694 592 3735 written.
1463 3692 1599 3732 river
1616 3695 1670 3733 ot
1686 3695 1769 3733 the
1788 3703 1926 3733 same
1945 3703 2105 3738 name,
2122 3696 2299 3734 twelve
2312 3693 2457 3738 miles

423 3761 469 3804 2.
525 3758 894 3804 tendentium:
924 3769 989 3800 sc.
1012 3758 1227 3804 tentoria,
1253 3764 1360 3800 “en-
1465 3761 1617 3802 south
1636 3763 1689 3802 ot
1709 3763 1793 3801 the
1812 3762 1946 3802 river
1965 3763 2240 3802 Metaurus.

374 3827 658 3879 camping.”
721 3826 1082 3872 claudianus:
1111 3825 1356 3868 :claudia
