2967 4384
274 215 517 270 xxxviii.
546 213 603 282 6]
1064 213 1293 268 mssa
1328 213 1591 268 xxvrrr
2270 217 2373 269 141

277 388 474 450 Italia
537 405 947 465 concessum,
1013 388 1120 448 cui
1181 404 1318 448 non
1381 387 1688 450 videatur
1750 388 2051 450 mirabile
2116 388 2378 450 nullum

280 495 543 549 motum
588 488 662 550 in
709 487 940 550 castris
987 487 1280 549 factum?
1367 488 1538 549 Nam
1586 489 1674 549 ad
1724 495 1939 549 cetera
1987 488 2057 549 id
2112 505 2375 567 quoque
2412 500 2448 550 7

280 593 668 667 accesserat,
703 593 779 649 ut
812 605 894 649 ne
929 587 1151 650 alendi
1189 586 1458 665 quidem
1492 586 1813 649 exercitus
1845 587 1972 648 nisi
2007 606 2085 648 ex
2117 587 2378 648 Bruttio

281 706 441 768 agro
481 705 632 767 spes
671 693 863 765 esset,
910 686 1043 765 qui,
1083 692 1158 748 ut
1199 686 1414 748 omnis
1453 687 1796 765 coleretur,
1839 687 2111 767 exiguus
2149 694 2379 749 tamen

281 795 470 850 tanto
503 786 745 849 alendo
778 786 1090 849 exercitui
1122 792 1292 864 erat;
1324 792 1470 848 tum
1503 804 1819 866 magnam
1855 794 2113 867 partem
2144 787 2395 849 iuven-.

280 888 443 951 tutis
492 888 900 950 abstractam
949 906 991 949 a
1040 889 1223 948 cultu
1271 905 1585 966 agrorum
1637 888 1885 948 bellum
1933 892 2379 968 occupaverat
2412 894 2449 946 8

283 996 348 1051 et
390 1005 535 1050 mos
577 987 740 1050 vitio
783 987 986 1049 etiam
1025 986 1262 1048 insitus
1304 987 1482 1066 genti
1529 1002 1642 1066 per
1682 987 2029 1049 latrocinia
2072 988 2382 1049 militiam

284 1087 649 1150 exercendi.
739 1088 869 1148 Nec
946 1087 1034 1148 ab
1117 1088 1313 1149 domo
1395 1086 1754 1166 quicquam
1830 1087 2218 1150 mittebatur
2300 1089 2377 1149 de
2416 1098 2452 1150 9

282 1188 610 1267 Hispania
643 1186 993 1249 retinenda
1027 1185 1344 1263 sollicitiS,
1381 1192 1523 1248 tam
1564 1203 1766 1266 quam
1802 1187 2027 1250 omnia
2066 1206 2382 1267 prospera

284 1289 357 1349 in
391 1288 586 1349 Italia
621 1292 859 1350 essent.

456 1388 818 1449 XXXVIII.
870 1388 1052 1450 Haec
1121 1386 1190 1448 in
1255 1387 1584 1467 Hispania
1648 1387 1719 1451 P.
1788 1387 2110 1468 Scipionis
2182 1389 2384 1450 ductu
2417 1403 2450 1453 1

285 1487 717 1567 auspicioque
765 1493 970 1567 gesta.
1059 1487 1210 1565 Ipse
1258 1487 1329 1549 L.
1380 1487 1659 1549 Lentulo
1708 1493 1772 1549 et
1819 1489 1889 1550 L.
1938 1488 2189 1550 Manlio
2235 1489 2386 1550 Aci-

291 1589 448 1650 dino
509 1587 851 1667 provincia
907 1586 1154 1648 tradita
1215 1586 1443 1648 decem
1498 1587 1787 1649 navibus
1844 1588 2133 1650 Romam
2192 1588 2386 1650 rediit

286 1695 353 1750 et
395 1693 630 1749 senatu
673 1693 858 1748 extra
898 1685 1136 1748 urbem
1181 1685 1335 1748 dato
1376 1686 1447 1746 in
1489 1687 1651 1748 aede
1693 1688 2029 1765 Bellonae,
2078 1705 2241 1766 quas
2283 1706 2387 1749 res
2418 1696 2455 1746 2

286 1788 358 1850 in
400 1786 726 1866 Hispania
767 1786 1092 1867 gessisset,
1141 1785 1466 1864 disseruit,
1516 1786 1817 1865 quotiens
1860 1787 2063 1867 signis
2107 1787 2387 1849 conlatis

293 1887 690 1965 dimicasset,
749 1892 908 1965 quot
960 1885 1210 1965 oppida
1260 1905 1339 1947 ex
1389 1886 1693 1948 hostibus
1745 1887 1813 1947 vi
1865 1887 2164 1966 cepisset,
2224 1904 2388 1966 quas

288 1995 516 2068 gentes
553 1986 625 2047 in
671 1985 998 2048 dicionem
1039 1986 1267 2065 populi
1296 1986 1586 2047 Romani
1626 1985 2008 2066 redegisset:
2064 1985 2388 2049 adversus

294 2093 608 2166 quattuor
674 2081 774 2147 se'
811 2085 1263 2164 imperatoreS,
1337 2092 1650 2164 quattuor
1717 2086 1998 2148 victores
2066 2087 2387 2150 exercitus
2420 2097 2456 2148 3

289 2185 362 2248 in
424 2185 822 2265 Hispaniam
885 2185 1033 2262 isse,
1098 2185 1435 2246 neminem
1499 2186 2112 2265 Carthaginiensem
2173 2185 2243 2246 in
2306 2186 2388 2248 iis

290 2285 481 2349 terris
543 2284 904 2364 reliquisse.
996 2284 1096 2346 Ob
1157 2285 1280 2346 has
1342 2303 1444 2346 res
1506 2291 1723 2365 gestas
1785 2286 1997 2366 magis
2058 2291 2387 2364 temptata
2418 2292 2456 2342 4

291 2392 390 2448 est
433 2384 754 2463 triumphi
797 2403 946 2463 spes
994 2401 1196 2463 quam
1242 2384 1444 2463 petita
1492 2385 1930 2464 pertinaciter,
1980 2385 2135 2464 quia
2176 2386 2386 2447 nemi-

292 2503 450 2547 nem
495 2484 582 2546 ad
629 2502 780 2545 eam
817 2484 991 2546 diem
1021 2485 1490 2563 triumphasse,
1526 2485 1637 2564 qui
1674 2486 1813 2547 sine
1844 2486 2236 2566 magistratu
2282 2505 2386 2548 res

291 2585 616 2666 gessisset,
657 2585 1028 2648 constabat.
1119 2584 1363 2646 Senatu
1402 2586 1605 2647 misso
1642 2587 1879 2648 urbem
1918 2592 2015 2648 est
2052 2587 2385 2666 ingressus
2417 2598 2452 2649 5

293 2685 681 2765 argentique
739 2703 893 2764 prae
949 2703 1016 2748 se
1071 2684 1142 2745 in
1196 2684 1529 2747 aerarium
1580 2687 1730 2748 tulit
1790 2688 2017 2749 decem
2075 2691 2386 2766 quattuor

293 2785 477 2846 milia
538 2786 758 2864 pondo
816 2790 1109 2847 trecenta
1171 2784 1613 2864 quadraginta
1675 2788 1803 2848 duo
1863 2793 1926 2848 et
1984 2786 2223 2865 signati
2281 2805 2386 2848 ar-

293 2885 473 2966 genti
519 2903 840 2964 magnum
885 2901 1260 2947 numerum.
1351 2885 1634 2947 Comitia
1679 2887 1833 2948 inde
1883 2885 2182 2948 creandis
2230 2905 2386 2948 con·
2419 2897 2453 2948 6

346 3090 392 3134 7.
447 3090 513 3134 ut
533 3120 546 3133 .
578 3121 592 3134 .
623 3120 636 3133 .
661 3089 962 3134 coleretur:
990 3089 1289 3130 concessive.
1390 3090 1529 3131 tulus
1564 3089 1663 3130 and
1688 3091 1743 3131 L.
1774 3089 1996 3131 Manlius
2028 3091 2287 3138 Acidinus,
2306 3101 2387 3131 ex-

346 3157 392 3199 8.
447 3155 612 3201 vitio:
643 3158 739 3206 “by
759 3166 790 3197 a
815 3157 950 3198 fault
980 3158 1034 3197 oi
1061 3157 1293 3197 nature.'’
1388 3160 1632 3206 praetem,
1661 3166 1791 3198 were
1826 3161 1939 3198 sent
1976 3162 2029 3198 to
2067 3157 2226 3209 Spain
2260 3159 2386 3199 with

294 3222 473 3275 genti:
501 3223 672 3264 dative
685 3223 811 3263 with
827 3223 1015 3264 imitus.
1389 3224 1719 3274 proconsular
1751 3233 1934 3274 power.
1989 3225 2155 3269 extra.
2173 3226 2383 3269 urbem:

345 3291 392 3334 9.
449 3288 736 3334 sollicitis:
766 3300 832 3331 sc.
857 3289 1042 3332 Poenis.
1390 3300 1447 3330 as
1474 3290 1690 3340 general,
1720 3291 1782 3331 he
1816 3291 1964 3331 could
1999 3295 2091 3331 not,
2120 3294 2264 3332 enter
2300 3293 2387 3331 the

1388 3357 1515 3407 city;
1543 3365 1638 3398 nor
1663 3357 1810 3397 could
1829 3357 1892 3398 he
1908 3357 2123 3398 disband
2142 3357 2222 3398 his
2242 3367 2386 3407 army

295 3405 589 3451 XXXVIII.
670 3407 811 3452 1-10.
891 3406 1123 3458 Scipio’s
1182 3407 1296 3450 Tri·
1388 3424 1606 3464 wmaout
1622 3423 1800 3474 giving
1819 3433 1889 3474 up
1918 3425 2004 3464 the
2024 3425 2152 3475 hope
2170 3425 2225 3464 or
2250 3433 2281 3464 a
2301 3424 2385 3464 tri-

370 3474 552 3526 umph.
604 3473 688 3517 He
708 3475 756 3516 is
775 3474 988 3518 Chosen
1007 3475 1220 3518 Consul.
1390 3491 1562 3542 mmm,
2166 3476 2171 3482 ’

347 3557 392 3601 1.
448 3558 587 3602 haec
631 3556 691 3601 in
733 3557 1028 3608 Hispania:
1082 3557 1296 3609 Scipio’s
1437 3559 1486 3602 4.
1544 3557 1664 3601 sine
1691 3557 2054 3610 magistratu:
2088 3556 2256 3607 Scipio
2274 3567 2382 3597 was

293 3625 588 3674 operatione
617 3624 804 3675 during
832 3627 918 3665 the
946 3633 1068 3674 year
1093 3627 1168 3665 206
1193 3621 1291 3665 Βζο.
1389 3628 1503 3666 sent
1514 3628 1567 3664 to
1588 3624 1745 3675 Spain
1764 3635 1820 3665 as
1838 3625 2119 3676 proconsul,
2142 3625 2385 3672 although

292 3690 516 3732 resulted
547 3691 600 3731 in
636 3691 724 3732 the
752 3691 998 3742 practical
1031 3692 1296 3742 expulsion
1389 3693 1452 3732 he
1521 3692 1621 3732 had
1684 3700 1837 3732 never
1889 3692 2003 3731 held
2058 3692 2143 3730 the
2193 3690 2385 3730 consul-

293 3758 348 3797 oi'
393 3759 478 3797 the
521 3757 918 3808 Carthaginians
963 3759 1098 3798 from
1140 3757 1294 3806 Spain
1390 3759 1519 3809 ship.

293 3823 544 3874 (XXVIII.
580 3824 732 3876 Chap.
763 3825 842 3867 1-4.
867 3825 1018 3872 1237).
1077 3825 1130 3865 L.
1173 3827 1294 3864 Leu-
1445 3826 1490 3868 5.
1546 3823 1747 3875 nendo:
1770 3834 1849 3864 see
1865 3824 1928 3864 2⁶.
1954 3825 2013 3864 14.
2031 3823 2067 3863 8.
