2967 4384
389 214 490 268 xii.
522 214 616 282 19]
1209 211 1444 265 mna
1477 210 1678 266 xxm
2376 211 2483 264 115

395 391 534 448 tare
573 383 643 445 in
681 382 980 446 medium
1020 382 1509 446 consulebatur.
1597 381 1921 444 Nobilitas
1960 397 2103 443 rem
2147 379 2484 459 publicam
2516 399 2553 449 8

397 485 820 547 deseruerant
862 499 1080 563 neque
1123 483 1194 542 in
1237 488 1546 544 senatum
1590 480 1735 558 cogi
1785 487 2115 559 poterant3
2160 480 2231 541 in
2277 482 2484 560 magi-

391 592 607 648 stratu
659 591 823 661 erat,
882 582 996 662 qui
1047 599 1186 644 non
1236 581 1365 644 sibi
1415 580 1738 642 honorem
1789 580 2159 658 adiecisset,
2215 579 2333 642 sed
2385 581 2485 641 in-

398 684 718 764 dignitate
774 701 898 746 sua
956 682 1092 744 vim
1146 700 1227 745 ac
1281 681 1384 744 ius
1438 679 1877 759 magistratui,
1940 698 2138 761 quem
2193 681 2482 760 gerebat,

400 783 819 864 dempsisset3
873 782 1010 846 iam
1061 801 1146 846 ne
1198 782 1270 843 in
1318 781 1466 844 foro
1525 781 1795 862 quidem
1844 788 1964 844 aut
2021 780 2284 860 publico
2338 783 2484 844 loco
2516 791 2553 844 9

397 885 774 966 principum
811 882 1164 964 quisquam
1193 881 1587 962 apparebat,
1624 879 1930 942 domibus
1961 880 2199 943 inclusi
2234 883 2483 961 patriae

395 1003 707 1049 occasum
759 1002 914 1047 cum
963 1001 1086 1046 suo
1137 983 1334 1046 exitio
1384 982 1456 1043 in
1512 982 1648 1044 dies
1698 981 2169 1063 expectabant3
2221 1002 2485 1047 summa
2520 992 2592 1044 1ο

394 1104 592 1150 curae
657 1085 875 1148 omnis
937 1085 1009 1145 in
1069 1085 1415 1146 Bostarem
1495 1083 2052 1163 Hannonemque,
2123 1084 2487 1163 praefectos

398 1186 706 1267 praesidii
762 1185 1014 1263 Punici,
1074 1202 1264 1246 versa
1320 1190 1482 1261 erat,
1538 1201 1683 1262 suo,
1738 1201 1875 1244 non
1932 1184 2264 1247 sociorum
2322 1185 2488 1264 peri-

396 1286 545 1349 culo
607 1283 939 1347 sollicitoS.
1028 1283 1085 1344 Ii
1146 1283 1534 1362 conscriptis
1594 1284 1685 1347 ad
1745 1284 2197 1347 Hannibalem
2256 1284 2489 1348 litteris
2525 1297 2593 1349 11

395 1402 533 1448 non
564 1385 766 1448 libere
800 1383 1004 1446 modo
1039 1385 1156 1446 sed
1191 1383 1394 1446 etiam
1427 1401 1681 1463 aspere,
1722 1385 1965 1464 quibus
2000 1403 2139 1448 non
2188 1387 2489 1464 Capuam

394 1486 608 1549 solam
651 1485 970 1548 traditam
1014 1484 1085 1545 in
1130 1502 1411 1546 manum
1455 1483 1781 1563 hostibuS,
1830 1484 1949 1546 sed
1995 1502 2065 1547 se
2116 1502 2381 1565 quoque
2424 1493 2491 1548 et

400 1585 800 1666 praesidium
835 1584 906 1646 in
946 1584 1162 1646 omnis
1201 1583 1531 1646 cruciatus
1574 1584 1869 1662 proditos
1910 1584 2335 1648 incusabant:
2371 1586 2491 1648 ab·
2527 1591 2599 1642 12

394 1687 521 1749 isse
565 1703 722 1749 eum
766 1685 838 1746 in
882 1683 1177 1748 Bruttios
1226 1684 1408 1746 velut
1423 1717 1434 1728 ·
1451 1690 1869 1746 avertentem
1918 1702 2081 1763 sese,
2128 1703 2213 1748 ne
2260 1686 2489 1764 Capua

394 1787 464 1849 in
519 1785 724 1849 oculis
776 1784 918 1847 eius
970 1790 1344 1864 caperetur3
1396 1791 1469 1847 at
1522 1783 1786 1846 hercule
1843 1784 2184 1847 Romanos
2235 1803 2321 1848 ne
2374 1802 2491 1865 op-

400 1885 801 1966 pugnatione
857 1884 1127 1965 quidem
1179 1884 1363 1947 urbis
1417 1884 1763 1946 Romanae
1816 1883 2116 1947 abstrahi
2166 1903 2208 1946 a
2262 1886 2491 1965 Capua

399 1984 764 2049 obsidenda
811 1984 1128 2064 potuisse:
1173 1991 1363 2047 tanto
1407 1983 1925 2046 constantiorem
1971 1983 2318 2047 inimicum
2358 1986 2491 2048 Ro·
2528 1990 2600 2042 13

397 2103 676 2148 manum
707 2103 912 2165 quam
935 2078 1232 2147 amicum
1260 2087 1558 2146 Poenum
1584 2101 1746 2146 esse.
1842 2083 1908 2147 Si
1935 2084 2162 2147 redeat
2190 2086 2490 2164 Capuam

404 2185 782 2264 bellumque
830 2202 1027 2246 omne
1071 2202 1150 2247 eo
1200 2192 1436 2264 vertat,
1481 2192 1549 2249 et
1594 2203 1663 2248 se
1708 2193 1774 2249 et
1810 2187 2189 2264 Campanos
2226 2194 2491 2264 paratos

397 2285 729 2365 eruptioni
797 2283 962 2347 fore.
1051 2286 1199 2346 Non
1270 2303 1425 2348 cum
1497 2286 1766 2365 Reginis
1837 2303 2057 2366 neque
2121 2286 2492 2349 Tarentinis
2527 2279 2630 2346 14'

400 2386 647 2449 bellum
689 2391 992 2463 gesturos
1035 2385 1349 2449 transisse
1393 2386 1622 2465 Alpis;
1653 2385 1771 2448 ubi
1816 2386 2163 2448 Romanae
2202 2385 2492 2464 legiones

397 2486 550 2565 sint,
654 2484 750 2547 ibi
816 2492 882 2548 et
950 2485 1597 2564 Carthaginiensium
1664 2485 1989 2548 exercitus
2062 2485 2297 2548 debere
2326 2503 2489 2548 esse.

401 2586 506 2651 Sic
543 2585 634 2649 ad
676 2588 962 2664 CannaS,
1004 2585 1099 2647 sic
1138 2586 1230 2648 ad
1269 2586 1803 2648 Trasumennum
1843 2603 1985 2648 rem
2031 2584 2197 2647 bene
2235 2593 2492 2664 gestam

399 2686 699 2749 coeundo
764 2684 1310 2766 conferundoque
1375 2703 1531 2748 cum
1592 2686 1782 2750 hoste
1846 2693 2085 2765 castra,
2148 2687 2492 2749 fortunam

398 2786 812 2865 temptando.
898 2786 981 2846 In
1049 2786 1224 2849 hanc
1290 2786 1690 2849 sententiam
1755 2786 2012 2850 litterae
2081 2786 2491 2866 conscriptae
2528 2785 2598 2838 15

396 2885 700 2948 Numidis
741 2886 1082 2965 proposita
1122 2885 1426 2949 mercede
1466 2901 1618 2949 eam
1662 2885 1970 2964 professis
2014 2904 2285 2966 operam
2331 2888 2491 2950 dan-

399 2994 527 3050 tur.
616 2986 673 3046 Ii
717 3002 921 3065 supra
967 2985 1391 3065 septuaginta
1438 2985 1811 3065 comprensi
1857 2993 1923 3074 et
1968 2986 2243 3050 mulcati
2292 2987 2491 3066 virgis
2527 2994 2597 3046 19

398 3085 843 3166 manibusque
918 3085 1225 3165 praecisis
1295 3087 1598 3165 Capuam
1666 3085 2076 3164 rediguntur.
2167 3088 2492 3168 Conspec-

399 3193 546 3250 tum
582 3193 724 3249 tam
761 3184 944 3248 triste
985 3184 1385 3264 supplicium
1422 3185 1618 3264 fregit
1655 3185 1915 3248 animos
1972 3187 2487 3268 Campanorum.

453 3425 498 3468 8.
554 3421 614 3466 in
631 3422 974 3474 magistratu
994 3423 1140 3467 erat:
1170 3432 1251 3464 see
1267 3423 1305 3464 6.
1329 3422 1394 3463 13:
1494 3422 1556 3462 21.
1582 3423 1615 3462 1.
1640 3424 1674 3462 1.

403 3489 562 3530 medix
589 3489 776 3536 tuticus,
807 3488 890 3540 qui
918 3499 1124 3530 summus
1152 3489 1402 3540 maqietra-
1548 3491 1627 3534 14.
1682 3491 1959 3542 gesturos:
2014 3500 2096 3532 see
2136 3491 2492 3534 Introduction

403 3557 478 3596 tue
490 3555 893 3607 apudoampanos
902 3555 983 3602 est,
997 3564 1049 3596 eo
1061 3564 1192 3596 anno
1206 3555 1400 3606 Seppius
1496 3556 1634 3596 VIII.
1654 3559 1680 3597 4
1697 3558 1772 3607 (c).

405 3621 599 3664 Loesius
631 3621 753 3671 erat,
787 3619 893 3662 loco
939 3621 1136 3664 obscuro
1177 3621 1401 3673 tenuique
1548 3623 1627 3667 15.
1683 3631 1929 3675 oporam:
1959 3624 2034 3665 i.e.
2071 3626 2158 3666 the
2185 3626 2303 3668 task
2332 3627 2387 3667 or
2412 3627 2490 3668 de·

395 3688 605 3740 fortuna
624 3689 774 3730 ortus.
834 3688 1198 3742 indlgnitate:
1227 3691 1400 3732 “hum-
1494 3689 1713 3741 uvel-ing
1730 3692 1816 3732 the
1834 3692 2023 3733 letters.

404 3757 484 3798 ble
508 3756 820 3799 condition.”
1549 3757 1630 3802 19.
1685 3765 1879 3809 supra:
1908 3759 2031 3800 used
2062 3758 2373 3810 adverbially
2391 3760 2490 3800 and

459 3825 538 3876 10.
595 3831 829 3871 nummu:
910 3823 1242 3866 substantive.
1325 3824 1395 3868 Cr.
1496 3824 1615 3866 does
1630 3828 1723 3866 not
1741 3826 1887 3866 astoer,
1900 3826 1985 3866 the
2003 3835 2116 3866 case
2128 3826 2487 3870 construction.
