2967 4384
505 233 579 286 40
1421 233 1483 285 Τ.
1527 233 1692 286 LIVI
2388 232 2527 298 [xlii.
2556 232 2591 286 1

510 403 635 466 bus
683 402 865 484 prius
915 422 1122 484 quam
1169 402 1390 466 verbis
1434 403 1899 466 adhortandos
1943 403 2188 467 milites
2230 408 2419 466 ratus
2464 402 2589 466 cir-

507 505 826 568 cumdato
875 504 965 567 ad
1015 505 1477 585 spectaculum
1526 505 1820 572 exercitu
1868 505 2176 585 captivos
2224 511 2590 567 montanos

510 607 770 669 vinctos
813 604 886 664 in
929 603 1154 666 medio
1199 604 1434 667 statuit
1478 604 1820 684 armisque
1867 604 2134 667 Gallicis
2176 609 2336 667 ante
2385 604 2589 684 pedes

506 725 740 770 eorum
786 705 1096 785 proiectis
1139 705 1551 784 interrogare
1593 707 2028 785 interpretem
2070 705 2287 784 iussit,
2332 705 2589 785 ecquiS,

505 808 562 872 si
591 807 875 871 vinculis
901 808 1240 870 levaretur
1265 820 1592 887 armaque
1618 813 1685 879 et
1710 825 1965 887 equum
1993 806 2207 869 victor
2231 805 2590 886 acciperet,

436 918 472 968 2
511 908 846 972 decertare
892 909 1071 971 ferro
1123 909 1342 971 vellet.
1435 910 1606 971 Cum
1651 908 1743 971 ad
1790 927 2006 971 unum
2056 926 2288 971 omnes
2333 908 2591 971 ferrum

512 1027 942 1088 pugnamque
977 1012 1324 1088 poscerent
1340 1012 1406 1070 et
1427 1007 1681 1071 deiecta
1709 1007 1781 1069 in
1809 1008 1880 1070 id
1910 1026 2053 1071 sors
2083 1012 2279 1088 esset,
2310 1025 2381 1070 se
2411 1006 2589 1088 quis-

512 1128 639 1189 que
671 1127 829 1172 eum
861 1109 1164 1188 optabat,
1203 1126 1402 1188 quem
1430 1108 1707 1171 fortuna
1738 1108 1810 1169 in
1839 1107 1909 1170 id
1943 1115 2282 1171 certamen
2310 1107 2589 1188 legeret;

437 1224 473 1275 3
507 1210 833 1290 cuiusque
865 1228 1008 1272 sors
1041 1208 1400 1287 exciderat,
1433 1208 1655 1271 alacer
1686 1209 1859 1271 inter
1889 1209 2305 1288 gratulantes
2336 1208 2589 1288 gaudio

506 1311 815 1372 exultans
847 1327 1004 1372 cum
1033 1308 1137 1371 sui
1166 1308 1372 1370 moris
1403 1308 1717 1386 tripudiis
1746 1326 1937 1371 arma
1966 1308 2218 1389 raptim
2249 1309 2585 1388 capiebat.

437 1428 475 1478 4
506 1409 640 1472 Ubi
692 1428 850 1472 vero
903 1408 1319 1487 dimicarent,
1369 1407 1425 1470 is
1474 1407 1748 1470 habitus
1796 1409 2181 1471 animorum
2228 1426 2367 1471 non
2413 1408 2589 1471 inter

506 1510 810 1573 eiusdem
838 1509 1044 1571 modo
1075 1507 1489 1571 condicionis
1520 1508 1826 1570 homines
1857 1515 1999 1572 erat
2030 1508 2147 1571 sed
2178 1508 2385 1572 etiam
2414 1508 2589 1571 inter

507 1616 886 1690 spectantes
925 1609 1149 1688 vulgo,
1185 1614 1260 1670 ut
1294 1626 1432 1670 non
1471 1608 1886 1671 vincentium
1919 1609 2134 1688 magis
2175 1627 2381 1689 quam
2418 1609 2587 1671 bene

437 1724 471 1774 1
506 1710 938 1773 morientium
985 1709 1260 1771 fortuna
1310 1707 1724 1772 laudaretur.
1814 1710 2051 1772 XLIII.
2102 1710 2272 1771 Cum
2322 1708 2416 1771 sic
2466 1708 2585 1770 ali-

513 1817 673 1891 quot
699 1809 1015 1890 spectatis
1047 1808 1321 1889 paribus
1348 1807 1652 1871 adfectos
1685 1807 2063 1888 dimisisset,
2094 1808 2404 1871 contione
2429 1807 2587 1872 inde

435 1926 472 1976 2
505 1912 840 1973 advocata
863 1910 957 1972 ita
978 1908 1165 1988 apud
1189 1927 1300 1971 eos
1322 1908 1589 1970 locutus
1608 1908 1849 1970 fertur:
1898 1908 2014 1988 ‘Si,
2044 1926 2245 1989 quem
2282 1907 2589 1971 animum

506 2012 576 2072 in
610 2010 869 2073 alienae
903 2009 1098 2071 sortis
1133 2008 1439 2088 exemplo
1478 2008 1680 2088 paulo
1713 2014 1871 2070 ante
1904 2007 2261 2088 habuistiS,
2296 2007 2589 2072 eundem

509 2130 665 2174 mox
705 2110 775 2170 in
815 2108 1237 2172 aestimanda
1277 2108 1553 2170 fortuna
1600 2113 1820 2169 vestra
1863 2108 2255 2188 habueritiS,
2279 2107 2586 2188 vicimuS,

510 2211 780 2289 milites;
826 2227 1044 2288 neque
1074 2207 1256 2270 enim
1285 2207 1747 2287 spectaculum
1776 2207 1980 2269 modo
2010 2208 2202 2287 illud,
2232 2208 2349 2270 sed
2386 2226 2588 2288 quae-

441 2328 477 2379 3
513 2313 670 2373 dam
710 2311 916 2374 veluti
951 2309 1175 2388 imago
1217 2313 1475 2370 vestrae
1516 2308 1927 2371 condicionis
1964 2315 2128 2371 erat.
2218 2310 2313 2372 Ac
2358 2310 2587 2372 nescio

508 2429 597 2472 an
642 2410 898 2472 maiora
925 2408 1193 2471 vincula
1228 2407 1651 2487 maioresque
1690 2409 2120 2472 necessitates
2148 2410 2341 2472 vobis
2384 2428 2613 2494 quam·

440 2530 479 2582 4
511 2512 794 2590 captivis
829 2509 1065 2571 vestris
1093 2508 1368 2570 fortuna
1402 2508 1943 2571 circumdederit:
1996 2511 2226 2572 dextra
2256 2512 2591 2590 laevaque

515 2612 646 2674 duo
696 2611 909 2673 maria
963 2610 1288 2673 claudunt
1340 2611 1601 2672 nullam
1650 2629 1735 2672 ne
1787 2611 1877 2673 ad
1930 2613 2255 2691 effugium
2313 2612 2587 2693 quidem

509 2730 756 2775 navem
786 2711 1118 2789 habentis,
1152 2711 1329 2773 circa
1363 2710 1588 2774 Padus
1618 2713 1839 2774 amnis
1869 2714 2085 2776 maior
2115 2732 2195 2776 ac
2234 2713 2590 2776 violentior

509 2812 865 2891 Rhodano,
905 2811 993 2874 ab
1036 2818 1221 2890 tergo
1259 2812 1460 2890 Alpes
1501 2819 1763 2892 urgent,
1808 2813 1919 2875 vix
1956 2813 2233 2892 integris
2277 2814 2470 2877 vobis
2510 2830 2590 2875 ac

439 2932 475 2984 5
514 2912 892 2992 vigentibus
930 2913 1273 2975 transitae.
1365 2912 1493 2974 Hic
1535 2912 1945 2975 vincendum
1981 2920 2101 2976 aut
2136 2914 2589 2994 moriendum,

509 3013 775 3091 militeS,
822 3018 944 3091 est,
991 3012 1110 3074 ubi
1161 3012 1454 3091 primum
1500 3012 1677 3074 hosti
1725 3014 2125 3076 occurristis,
2218 3015 2303 3075 Et
2353 3015 2593 3076 eadem

506 3115 805 3192 fortuna,
839 3131 1009 3192 quae
1034 3112 1507 3176 necessitatem
1539 3114 1888 3191 pugnandi
1913 3113 2259 3193 imposuit,
2294 3114 2593 3193 praemia

561 3299 608 3342 2.
663 3295 735 3341 ad
754 3303 944 3340 unum:
975 3297 1060 3336 “to
1080 3303 1112 3337 a
1126 3292 1302 3336 man.”
1343 3292 1504 3338 inid:
1598 3294 1704 3336 tive
1730 3295 1853 3336 used
1876 3293 2132 3347 regularly
2150 3295 2205 3336 oi
2230 3294 2371 3347 pairs
2388 3296 2444 3338 ot
2459 3295 2596 3348 glad·

510 3365 588 3408 i.e.
659 3367 713 3406 to
780 3362 1058 3405 determine
1059 3362 1075 3414 j
1134 3363 1222 3404 the
1287 3364 1507 3404 contest·
1597 3361 1771 3403 iators.

415 3447 421 3452 ·
512 3437 643 3475 ants.
1649 3430 1698 3472 2.
1752 3427 1994 3474 alienae:
2064 3430 2153 3472 the
2216 3428 2503 3482 possessive
2541 3431 2598 3472 ot

563 3501 607 3544 3.
663 3496 1050 3549 cuiusquez=et
1075 3495 1226 3538 cuius.
1279 3493 1372 3541 sui
1388 3501 1507 3540 mo·
1599 3492 1739 3536 alius.
1789 3496 2049 3542 vicimus:
2080 3498 2166 3539 the
2191 3500 2335 3539 tense
2358 3499 2599 3550 suggests

512 3566 614 3611 ris:
642 3568 703 3607 ct.
734 3567 795 3606 28.
821 3567 855 3606 1.
1600 3563 1688 3603 the
1703 3563 1956 3614 certainty
1974 3565 2029 3604 ot
2044 3563 2253 3615 victory.

562 3635 609 3677 4.
664 3631 1020 3676 dimicarent:
1051 3639 1132 3672 see
1150 3627 1508 3671 Introduction
1651 3629 1699 3674 3.
1751 3629 1940 3674 nescio
1966 3637 2062 3674 an:
2088 3630 2419 3682 “probably.”

512 3700 648 3740 VIII.
683 3701 708 3739 4
749 3695 830 3748 (a).
933 3697 1254 3749 spectantes
1308 3696 1503 3748 vulgo:
1650 3696 1699 3738 4.
1738 3695 2018 3741 habentis:
2041 3705 2215 3737 savos.
2246 3695 2519 3749 integris.
2542 3728 2555 3741 .
2576 3727 2591 3741 .

515 3769 631 3807 “the
657 3767 822 3806 crowd
841 3766 895 3806 ot
918 3765 1248 3815 spectatorS.”
1602 3761 1943 3812 vigentibus:
1995 3762 2150 3803 “with
2217 3764 2599 3807 undiminished

562 3833 746 3874 XLIII.
803 3833 848 3876 1.
902 3831 1154 3882 paribus:
1202 3839 1232 3870 a
1275 3831 1508 3870 substan·
1603 3831 1841 3869 numbers
1860 3829 1957 3873 and
1978 3829 2263 3884 strength.’¹
