2967 4384
513 241 587 293 88
1427 239 1490 293 Τ.
1530 239 1696 294 LIVI
2450 243 2547 308 [lv.
2574 243 2611 296 6

445 426 485 478 θ
514 413 616 474 sit.
709 413 888 474 Haec
919 412 1327 490 exploranda
1370 413 1839 492 noscendaque
1872 432 1985 493 per
2010 415 2306 495 inpigros
2330 415 2607 478 iuvenes

514 531 686 589 esse3
731 512 896 574 illud
951 530 1066 592 per
1119 519 1337 591 patres
1388 513 1569 591 ipsos
1620 514 1976 592 agendum,
2030 515 2346 592 quoniam
2396 517 2606 594 magi-

513 619 841 675 stratuum
891 630 1128 690 parum
1173 613 1278 690 sit,
1324 619 1400 674 ut
1443 616 1809 675 tumultum
1854 632 1933 676 ac
1977 615 2489 695 trepidationem
2534 617 2606 676 in

511 714 675 774 urbe
719 715 981 774 tollant:
1055 719 1396 775 matronas
1472 713 1737 793 publico
1808 721 2079 777 arceant
2150 717 2603 795 continerique

443 817 478 870 7
509 814 686 875 intra
734 832 931 875 suum
985 831 1318 892 quamque
1367 815 1573 877 limen
1622 822 1884 894 cogant,
1935 818 2360 894 conploratus
2408 817 2605 879 fami-

509 915 751 976 liarum
793 920 1161 992 coerceant,
1203 915 1542 976 silentium
1587 934 1704 994 per
1740 917 1977 978 urbem
2019 917 2291 996 faciant,
2334 919 2603 980 nuntios

511 1034 732 1077 rerum
772 1016 1073 1077 omnium
1111 1016 1200 1078 ad
1243 1023 1575 1095 praetores
1619 1017 2039 1080 deducendos
2078 1025 2309 1080 curent
2337 1054 2418 1062 —
2442 1037 2601 1083 suae

442 1123 481 1175 8
517 1117 792 1195 quisque
834 1116 1141 1178 fortunae
1187 1117 1367 1178 domi
1407 1123 1748 1179 auctorem
1788 1124 2133 1197 expectent
2159 1153 2241 1162 -—
2268 1119 2603 1180 custodes-

517 1234 641 1294 que
680 1223 1018 1297 praeterea
1054 1218 1143 1279 ad
1181 1224 1406 1297 portas
1445 1224 1719 1298 ponant,
1763 1218 1876 1296 qui
1928 1219 2321 1297 prohibeant
2375 1237 2603 1297 quem-

516 1334 718 1395 quam
754 1318 975 1397 egredi
1010 1317 1198 1395 urbe,
1237 1324 1609 1397 cogantque
1646 1319 1948 1380 homines
1984 1321 2243 1380 nullam
2272 1320 2399 1380 nisi
2434 1320 2597 1380 urbe

511 1436 588 1479 ac
645 1419 994 1479 moenibus
1051 1419 1254 1480 salvis
1309 1419 1594 1480 salutem
1650 1438 1932 1498 sperare.
2024 1419 2155 1480 Ubi
2213 1419 2598 1481 conticuerit

511 1521 856 1596 tumultuS,
880 1525 1026 1580 tum
1048 1519 1117 1579 in
1139 1519 1392 1580 curiam
1418 1525 1635 1597 patres
1656 1520 2067 1581 revocandos
2088 1520 2601 1580 consulendum-

517 1635 640 1695 que
675 1619 752 1679 de
781 1619 966 1680 urbis
996 1619 1297 1680 custodia
1327 1637 1485 1680 esse.

565 1783 612 1826 6.
666 1780 832 1826 illud:
853 1782 1118 1838 explained
1136 1783 1202 1832 by
1223 1782 1307 1822 the
1318 1781 1580 1832 following
1595 1781 1647 1820 ut
1664 1781 1845 1823 clause.
