2967 4384
391 247 470 301 xi.
496 248 558 315 2]
1199 246 1432 300 unna
1467 246 1637 301 xxv
2382 247 2486 299 101

391 419 613 498 ipsum
663 426 1080 499 praeparata,
1130 425 1195 482 et
1243 418 1596 480 inscienter
1644 438 1685 481 a
1735 420 1983 480 Graeco
2032 419 2287 496 inflata,
2345 419 2492 496 quis

394 526 512 582 aut
558 521 797 598 quibus
841 520 1106 600 signum
1154 520 1360 599 daret,
1404 520 1734 581 incertum
1778 519 2124 581 efficiebat.
2216 518 2346 579 Ubi
2390 519 2491 579 in-
2524 524 2560 577 5

393 621 580 698 luxit,
619 627 684 682 et
722 622 1044 683 Romanis
1081 622 1333 683 Punica
1371 629 1436 684 et
1476 622 1727 684 Gallica
1764 639 1955 683 arma
1993 621 2257 700 cognita
2303 619 2492 682 dubi-

393 722 715 784 tationem
765 728 1148 784 exemerunt
1199 730 1263 785 et
1313 723 1544 785 Graeci
1594 724 1939 784 Romanos
1990 721 2239 803 passim
2289 721 2490 782 caede

395 828 634 884 stratos
688 829 1027 885 cernentes
1081 823 1171 885 ab
1223 822 1602 885 Hannibale
1658 830 1929 902 captam
1981 822 2219 884 urbem
2274 838 2493 889 sense-

395 929 569 986 runt.
680 923 1047 1002 Postquam
1141 924 1256 984 lux
1332 924 1571 985 certior
1645 930 1786 985 erat
1863 930 1927 985 et
2003 922 2313 1000 Romani,
2380 920 2493 998 qui
2526 927 2562 977 6

397 1023 712 1086 caedibus
736 1025 1224 1103 superfuerant,
1265 1024 1335 1106 in
1369 1017 1593 1087 arcem
1628 1024 2064 1103 confugerant
2111 1022 2493 1084 conticisce-

398 1122 645 1201 batque
707 1125 1031 1203 paulatim
1088 1126 1437 1202 tumultus,
1497 1130 1646 1185 tum
1702 1123 2044 1185 Hannibal
2102 1121 2493 1184 Tarentinos

396 1223 536 1285 sine
584 1224 788 1286 armis
838 1241 1206 1287 convocare
1254 1224 1458 1286 iubet.
1566 1223 1947 1286 Convenere
1998 1240 2250 1300 omnes,
2305 1239 2494 1300 prae-
2526 1223 2562 1274 7

395 1329 705 1402 terquam
765 1325 876 1402 qui
932 1325 1223 1387 cedentis
1277 1324 1348 1385 in
1404 1342 1628 1386 arcem
1682 1325 2023 1385 Romanos
2077 1323 2168 1384 ad
2223 1339 2493 1383 omnem

397 1424 780 1486 adeundam
816 1424 1014 1488 simul
1050 1426 1393 1487 fortunam
1431 1425 1756 1506 persecuti
1792 1424 2078 1486 fuerant.
2168 1423 2272 1485 Ibi
2309 1424 2495 1484 Han-
2527 1427 2566 1479 8

399 1523 582 1585 nibal
643 1524 920 1605 benigne
990 1525 1340 1588 adlocutus
1407 1525 1798 1588 Tarentinos
1843 1529 2277 1602 testatusque,
2325 1539 2493 1601 quae

405 1624 778 1701 praestisset
827 1624 1086 1687 civibus
1135 1642 1386 1704 eorum,
1443 1642 1609 1703 quos
1658 1625 1747 1686 ad
1796 1626 2329 1685 Trasumennum
2376 1627 2495 1683 aut

401 1724 489 1785 ad
538 1722 799 1787 Cannas
847 1725 1146 1803 cepisset,
1195 1725 1393 1788 simul
1439 1725 1511 1785 in
1564 1725 2087 1796 dominationem
2134 1723 2496 1803 superbam
2527 1730 2564 1781 9

401 1824 860 1885 Romanorum
895 1825 1218 1903 invectus,
1257 1826 1545 1904 recipere
1583 1843 1651 1886 se
1688 1825 1759 1885 in
1801 1825 2033 1885 domos
2071 1842 2226 1885 suas
2269 1841 2499 1901 quem-

408 1940 532 2000 que
572 1923 761 1985 iussit
803 1930 866 1985 et
906 1924 1161 1985 foribus
1201 1942 1447 1986 nomen
1488 1942 1686 1986 suum
1716 1923 2101 1986 inscribere:
2144 1941 2214 1985 se
2261 1924 2493 1984 domos

403 2041 536 2100 eaS,
597 2040 764 2101 quae
818 2023 1170 2103 inscriptae
1223 2041 1360 2085 non
1414 2030 1653 2102 essent,
1708 2024 1896 2104 signo
1952 2023 2282 2102 extemplo
2342 2023 2495 2083 dato

409 2122 601 2201 diripi
653 2123 1009 2187 iussurum.
1099 2123 1165 2185 Si
1221 2124 1366 2203 quis
1417 2124 1486 2184 in
1538 2124 1829 2203 hospitio
1882 2124 2047 2185 civis
2099 2122 2388 2184 Romani
2416 2155 2499 2164 —-

406 2240 654 2285 vacuas
710 2229 937 2285 autem
990 2223 1306 2285 tenebant
1366 2223 1599 2286 domos
1625 2258 1707 2267 —
1733 2240 1981 2285 nomen
2035 2222 2497 2302 inscripsisset,

405 2339 560 2383 eum
611 2341 680 2384 se
737 2341 851 2402 pro
902 2323 1092 2385 hoste
1142 2322 1551 2386 habiturum.
1644 2323 1965 2385 Contione
2023 2323 2293 2384 dimissa
2345 2338 2500 2383 cum
2533 2331 2606 2383 10

405 2422 614 2484 titulis
655 2428 922 2484 notatae
965 2423 1141 2484 fores
1188 2423 1537 2485 discrimen
1584 2430 1857 2502 pacatae
1901 2425 1988 2486 ab
2031 2422 2255 2485 hostili
2302 2422 2499 2483 domo

404 2522 734 2600 fecissent,
796 2524 982 2603 signo
1049 2524 1202 2585 dato
1261 2524 1351 2585 ad
1415 2524 1785 2603 diripienda
1843 2523 2133 2603 hospitia
2193 2525 2501 2584 Romana

412 2623 658 2701 passim
692 2623 1060 2686 discursum
1087 2629 1205 2686 est.
1295 2625 1380 2685 Et
1407 2623 1536 2685 fuit
1568 2642 1723 2704 prae
1732 2625 1851 2686 dae
1883 2625 2325 2703 aliquantum.

577 2723 691 2785 XI.
781 2722 1048 2786 Postero
1110 2723 1210 2785 die
1271 2723 1361 2784 ad
1417 2725 1943 2804 oppugnandam
2002 2741 2225 2785 arcem
2290 2721 2569 2798 ducit31

414 2839 618 2902 quam
654 2839 809 2883 cum
845 2828 909 2884 et
947 2841 989 2884 a
1026 2822 1217 2901 mari,
1253 2840 1383 2902 quo
1421 2823 1492 2883 in
1535 2823 1996 2902 paeneinsulae
2027 2825 2309 2885 modum
2351 2840 2502 2902 pars

409 2922 622 2984 maior
676 2921 1153 3001 circumluitur,
1212 2923 1523 3003 praealtis
1568 2922 1848 3001 rupibus
1893 2929 1958 2984 et
2005 2924 2093 2984 ab
2141 2923 2287 3002 ipsa
2336 2922 2502 2984 urbe

410 3040 603 3084 muro
632 3028 696 3084 et
734 3023 913 3085 fossa
950 3023 1201 3102 ingenti
1237 3028 1542 3102 saeptam
1571 3023 1824 3084 videret
1863 3039 2073 3101 eoque
2111 3041 2233 3084 nec
2274 3024 2343 3085 vi
2380 3041 2501 3084 nec

412 3122 721 3201 operibus
794 3122 1304 3202 expugnabilem
1375 3141 1537 3200 esse,
1594 3140 1676 3184 ne
1734 3128 1852 3183 aut
1906 3141 1974 3184 se
2048 3123 2271 3201 ipsum
2343 3140 2505 3183 cura
2536 3134 2573 3184 2

411 3222 643 3284 tuendi
685 3223 1074 3285 Tarentinos
1118 3240 1160 3283 a
1203 3221 1568 3284 maioribus
1613 3222 1812 3284 rebus
1851 3228 2242 3300 moraretur,
2273 3227 2391 3283 aut
2432 3221 2503 3281 in

461 3456 512 3500 4.
566 3453 797 3502 Graeco:
822 3469 862 3490 =
875 3452 1146 3496 Tarentino.
1228 3453 1409 3496 'raren-
1504 3463 1654 3496 mans
1687 3462 1818 3496 were
1851 3454 2098 3505 probably
2124 3453 2179 3494 in
2205 3463 2237 3494 a.
2271 3456 2505 3505 separate

413 3525 527 3563 tum
551 3531 660 3563 was
693 3532 726 3564 a.
760 3522 927 3564 Greek
961 3522 1155 3572 colony.
1209 3519 1410 3567 inflata
1503 3524 1624 3574 part
1641 3522 1695 3562 or
1713 3522 1800 3562 the
1817 3521 1936 3572 city.

419 3587 589 3639 (cuba):
613 3589 699 3630 the
717 3588 914 3638 subject.
930 3590 984 3629 ot
1009 3586 1244 3638 efficiebat.
1557 3588 1636 3631 10.
1690 3587 1951 3639 pacatae:
1972 3597 2038 3629 sc.
2059 3587 2239 3628 domm.

463 3654 513 3699 6.
567 3662 897 3700 convocare:
929 3655 1016 3695 the
1055 3655 1410 3703 subject-accu·
1553 3653 1643 3696 XI.
1697 3653 1749 3698 1.
1800 3661 1835 3698 a
1864 3653 2030 3699 mari:
2069 3655 2167 3694 “on
2196 3655 2284 3694 the
2313 3653 2421 3695 side
2449 3653 2506 3694 ot

413 3721 579 3764 sative
611 3721 658 3762 is
698 3721 928 3762 omitted.
981 3719 1250 3762 Translate
1285 3731 1342 3762 as
1378 3730 1410 3762 a
1505 3721 1592 3762 the
1627 3721 1767 3767 sea’';
1797 3720 2091 3761 contrasted
2119 3720 2246 3760 with
2279 3717 2337 3759 ab
2373 3717 2501 3758 urbe.

414 3788 629 3842 passive.
1503 3785 1927 3838 paeneinsulae:
1950 3787 2035 3826 the
2062 3785 2281 3839 spelling
2308 3785 2504 3838 paenin-

466 3855 512 3904 2.
564 3862 795 3903 vacuas:
817 3854 905 3898 the
921 3855 1106 3898 houees
1123 3854 1177 3897 ot
1205 3854 1288 3900 the
1316 3854 1406 3901 Ro·
1505 3853 1613 3898 sula
1632 3854 1740 3899 also
1758 3852 1803 3894 is
1830 3852 2001 3897 round.
