2967 4384
532 249 603 300 ⁷2
1453 254 1517 306 T.
1555 253 1719 308 LIVI
2366 255 2525 321 [xxv.
2554 255 2625 305 13

427 433 496 482 13
533 423 757 482 clades
792 441 907 500 per
937 423 1386 485 temeritatem
1417 431 1621 502 atque
1654 425 1994 486 inscitiam
2029 427 2278 486 ducum
2310 431 2624 502 acceptas

532 524 806 583 referret
839 531 902 583 et
936 525 1256 602 magistro
1291 525 1618 602 equitum,
1650 526 1830 602 quod
1865 531 2098 586 contra
2135 525 2391 586 dictum
2422 541 2624 584 suum

429 635 499 684 14
537 630 920 702 pugnasset,
965 625 1296 685 rationem
1331 625 1576 686 diceret
1606 626 2019 686 reddendam
2045 643 2209 686 esse.
2305 625 2372 685 Si
2419 642 2623 702 penes

531 741 600 782 se
629 741 898 786 summa
923 725 1188 802 imperii
1206 725 1601 802 consiliique
1630 725 1737 801 sit,
1763 744 1968 804 prope
2002 725 2179 786 diem
2199 725 2622 800 effecturum,

531 828 606 882 ut
658 824 872 884 sciant
922 825 1230 885 homines
1285 825 1460 885 bono
1513 824 1915 902 imperatore
1967 826 2153 886 haud
2205 825 2435 902 magni
2484 825 2623 884 for-

426 931 494 981 15
531 929 771 985 tunam
816 925 1141 985 momenti
1189 942 1354 1002 esse,
1402 906 1700 985 mentem
1745 925 2210 1002 rationemque
2264 923 2621 1000 dominari,

531 1029 595 1083 et
654 1024 723 1082 in
781 1030 1082 1101 tempore
1143 1030 1206 1084 et
1265 1025 1406 1085 sine
1465 1023 1837 1102 ignominia
1893 1042 2196 1087 servasse
2256 1023 2625 1085 exercitum

537 1140 742 1200 quam
783 1126 997 1185 multa
1039 1124 1228 1186 milia
1267 1124 1566 1185 hostium
1609 1124 1929 1186 occidisse
1971 1125 2297 1185 maiorem
2338 1123 2625 1202 gloriam

426 1228 497 1278 16
533 1242 695 1284 esse.
788 1224 1007 1285 Huius
1043 1224 1301 1302 generis
1340 1221 1757 1285 orationibus
1792 1226 2042 1284 frustra
2076 1224 2329 1285 habitis
2362 1230 2429 1289 et
2464 1240 2625 1283 con-

460 1309 464 1313 ’
531 1325 673 1384 sule
743 1330 965 1385 creato
1030 1324 1120 1385 M.
1187 1323 1388 1384 Atilio
1453 1325 1735 1401 Regu10,
1800 1342 1883 1384 ne
1952 1341 2267 1402 praesens
2336 1324 2413 1384 de
2478 1323 2622 1384 iure

531 1423 798 1500 imperii
835 1423 1203 1501 dimicaret,
1242 1423 1453 1502 pridie
1493 1441 1697 1501 quam
1730 1423 2096 1501 rogationis
2128 1425 2444 1485 ferendae
2483 1423 2625 1483 dies

426 1529 496 1578 17
532 1524 818 1598 adesset)
885 1530 1078 1584 nocte
1145 1524 1233 1584 ad
1298 1523 1664 1584 exercitum
1728 1523 1916 1584 abiit.
2009 1524 2183 1584 Luce
2251 1530 2397 1584 orta
2463 1541 2625 1584 cum

536 1623 748 1701 plebis
798 1623 1156 1683 concilium
1205 1629 1399 1701 esset,
1449 1623 1664 1702 magis
1710 1624 1916 1684 tacita
1965 1623 2225 1688 invidia
2279 1622 2624 1684 dictatoris

532 1724 863 1800 favorque
893 1723 1195 1800 magistri
1225 1723 1531 1800 equitum
1559 1723 1822 1784 animos
1852 1723 2190 1799 versabat,
2226 1741 2430 1801 quam
2458 1724 2624 1784 satis

533 1822 878 1883 audebant
913 1822 1220 1882 homines
1256 1823 1344 1883 ad
1381 1823 1807 1883 suadendum
1849 1824 2028 1900 quod
2066 1825 2268 1902 vulgo
2310 1824 2623 1901 placebat

538 1918 825 1996 prodire,
854 1924 918 1978 et
961 1918 1193 1978 favore
1238 1924 1597 1995 superante
1641 1918 2007 1979 auctoritas
2033 1925 2263 1980 tamen
2289 1919 2626 1998 rogationi

427 2029 498 2079 18
538 2019 784 2078 deerat.
878 2018 1068 2078 Unus
1120 2018 1438 2078 inventus
1494 2023 1590 2077 est
1644 2034 1879 2078 suasor
1930 2018 2093 2096 legis
2148 2018 2219 2079 C.
2275 2019 2627 2081 Terentius

533 2119 766 2194 Varro,
812 2118 926 2195 qui
966 2117 1180 2195 priore
1219 2134 1399 2177 anno
1442 2122 1709 2194 praetor
1744 2117 1986 2194 fuerat,
2026 2120 2173 2178 loco
2211 2136 2349 2178 non
2385 2119 2629 2216 humili

430 2230 500 2281 19
535 2219 758 2278 solum
797 2218 914 2278 sed
955 2217 1161 2277 etiam
1199 2216 1472 2277 sordido
1516 2223 1723 2277 ortus,
1816 2217 2084 2276 Patrem
2121 2218 2381 2285 lanium
2420 2219 2627 2302 fuisse

536 2318 786 2394 ferunt,
839 2317 1064 2394 ipsum
1111 2316 1491 2376 institorem
1541 2315 1804 2392 mercis,
1856 2315 2129 2394 filioque
2179 2318 2307 2379 hoc
2359 2318 2505 2396 ipso
2555 2318 2627 2379 in

537 2417 808 2478 servilia
843 2417 984 2477 eius
1017 2415 1181 2477 artis
1214 2414 1589 2476 ministeria
1622 2432 1844 2477 usum.

469 2527 504 2578 5
709 2517 946 2576 XXVI.
997 2516 1243 2576 Omnes
1269 2532 1421 2575 eam
1445 2515 1886 2594 rogationem,
1919 2516 2164 2593 quique
2190 2518 2446 2578 Romae
2478 2517 2622 2595 qui-'-

543 2635 667 2694 que
701 2616 770 2676 in
802 2615 1093 2676 exercitu
1125 2620 1338 2690 erant,
1371 2602 1571 2691 aequi
1602 2621 1805 2692 atque
1837 2614 2076 2692 iniqui,
2112 2623 2375 2694 praeter
2401 2616 2628 2694 ipsum

469 2729 506 2781 6
544 2717 939 2777 dictatorem
965 2715 1035 2774 in
1063 2714 1545 2775 contumeliam
1572 2714 1715 2775 eius
1742 2716 1954 2775 latam
1980 2722 2413 2792 acceperunt;
2459 2716 2623 2794 ipse,

542 2835 675 2894 qua
701 2815 1032 2894 gravitate
1066 2814 1276 2875 animi
1295 2813 1714 2873 criminantis
1747 2832 1814 2874 se
1843 2815 1931 2873 ad
1963 2813 2470 2874 multitudinem
2502 2814 2627 2874 ini-

536 2917 746 2976 micos
776 2917 1042 2990 tulerat,
1073 2914 1312 2974 eadem
1340 2919 1404 2973 et
1440 2912 1672 2990 populi
1711 2912 1780 2971 in
1809 2931 1876 2973 se
1906 2912 2268 2973 saevientis
2310 2913 2628 2974 iniuriam

469 3024 504 3076 '7
537 3017 721 3093 tulit3
768 3015 1193 3093 acceptisque
1257 3013 1326 3071 in
1387 3013 1535 3089 ipso
1598 3012 1831 3072 itinere
1893 3012 2130 3073 litteris
2196 3013 2273 3073 de
2334 3020 2627 3090 aequato

590 3249 667 3290 13.
722 3246 1014 3297 magistro:
1059 3245 1231 3285 dative
1283 3245 1336 3282 ot
1379 3246 1533 3292 agent
1626 3243 1723 3282 had
1745 3243 1953 3292 peddled
1974 3243 2059 3282 the
2078 3245 2215 3282 meat
2233 3243 2439 3282 himself
2462 3243 2628 3292 (ipsum

536 3317 660 3355 with
678 3315 978 3353 reddendam.
1632 3309 1904 3358 =126181·em)·
1940 3308 2198 3352 servilia:
2228 3310 2298 3348 all
2316 3311 2467 3350 small
2485 3311 2627 3350 trade

588 3386 667 3426 15.
722 3388 1000 3425 servasse:
1028 3378 1225 3426 subject
1243 3379 1296 3418 ot
1321 3387 1427 3416 esse.
1626 3386 1733 3416 was
1763 3375 2058 3416 considered
2085 3376 2170 3414 the
2197 3377 2338 3415 work
2366 3378 2419 3416 of
2446 3377 2625 3422 slaves.

587 3452 666 3494 17.
706 3447 1028 3499 superante:
1049 3445 1274 3494 supplies
1295 3446 1378 3484 the
1392 3445 1535 3494 place
1627 3443 1878 3493 bringing
1911 3445 2173 3492 contempt
2202 3451 2341 3493 upon
2374 3443 2479 3484 free
2512 3453 2629 3483 men

535 3521 588 3558 of
624 3529 654 3559 a
683 3519 887 3567 present
914 3513 1182 3564 participle
1216 3513 1269 3552 ot
1295 3520 1535 3558 superesse
1628 3512 1749 3550 thus
1767 3511 2039 3560 employed.

535 3587 634 3628 and
663 3587 708 3624 18
736 3582 956 3633 opposed
985 3585 1038 3620 ¹³0
1058 3579 1228 3618 deerat.
1285 3576 1535 3621 auctori·
1679 3575 1859 3616 XXVI.
1892 3577 1936 3620 15.
1970 3575 2154 3626 aequi,
2170 3575 2625 3626 iniquir‘rrienda,

533 3654 649 3696 tas:
685 3651 968 3690 “influence
1015 3647 1066 3685 of
1109 3653 1224 3684 men
1266 3647 1320 3685 ot
1352 3643 1536 3694 promi·
1629 3643 1790 3682 f‹›es.··
1853 3642 1913 3686 in
1966 3642 2382 3686 contumenamg
2439 3649 2527 3683 aas
2562 3653 2627 3683 an

535 3720 738 3759 nenoe.‘’
791 3717 894 3758 The
923 3715 1150 3756 abstract
1192 3713 1272 3752 ior
1309 3712 1395 3752 the
1422 3720 1536 3751 con·
1628 3711 1839 3749 insultff’

535 3792 679 3827 crete.
1680 3777 1726 3818 6.
1782 3775 2161 3821 criminantis:
2203 3775 2492 3820 accusative
2523 3777 2623 3830 plu-

589 3854 665 3896 19.
721 3849 1042 3894 institorem
1082 3845 1303 3890 mercis:
1349 3844 1424 3884 ie.
1473 3845 1535 3884 he
1629 3843 1722 3884 ral.
