2967 4384
513 259 623 314 102
1428 259 1495 315 r.
1528 260 1697 316 Lm
2444 265 2545 334 [xi.
2570 265 2608 317 2

512 432 773 496 relictos
827 431 967 496 sine
1025 431 1250 496 valido
1310 432 1639 513 praesidio
1693 433 2085 498 Tarentinos
2142 434 2473 516 impetum
2526 456 2607 500 ex

511 551 684 611 arce,
742 551 898 595 cum
953 535 1220 612 vellent,
1276 534 1567 596 Romani
1626 534 1943 614 facerent,
1998 537 2178 598 vallo
2228 537 2469 600 urbem
2520 536 2607 600 ab

443 638 481 691 3
512 651 662 695 arce
715 633 1140 712 intersaepire
1184 633 1419 695 statuit
1470 651 1609 695 non
1650 633 1792 697 sine
1836 634 1953 698 illa
2005 635 2211 698 etiam
2262 654 2401 716 spe,
2451 654 2609 699 cum

515 732 1013 810 prohibentibus
1063 749 1232 812 opus
1274 733 1599 796 Romanis
1645 751 1927 796 manum
1974 752 2163 814 posse
2216 737 2472 799 conseri
2518 743 2605 815 et,

510 832 568 894 si
621 832 905 895 ferocius
955 831 1538 912 procucurrissent,
1582 850 1829 913 magna
1871 836 2071 897 caede
2126 835 2223 897 ita
2276 836 2611 899 attenuari

515 931 824 1012 praesidii
857 931 1052 1011 vireS‚
1082 938 1161 995 ut
1198 932 1390 996 facile
1436 951 1553 1012 per
1589 951 1659 995 se
1699 933 1827 1012 ipsi
1866 934 2206 998 Tarentini
2243 935 2483 998 urbem
2522 936 2608 998 ab

443 1042 482 1094 4
511 1032 591 1095 iis
662 1032 834 1094 tueri
910 1038 1196 1111 possent.
1284 1032 1417 1094 Ubi
1479 1039 1793 1112 coeptum
1847 1051 2019 1112 opus
2092 1041 2213 1114 est,
2274 1036 2612 1115 patefacta

510 1151 578 1195 re
586 1139 779 1213 pente
830 1138 1020 1212 porta
1064 1132 1392 1212 impetum
1433 1131 1505 1194 in
1550 1133 1911 1196 munientis
1964 1131 2266 1198 fecerunt
2319 1136 2611 1198 Romani

515 1232 798 1313 pellique
857 1251 926 1296 se
983 1231 1180 1295 statio
1242 1250 1436 1311 passa
1495 1238 1615 1311 est,
1666 1249 1835 1311 quae
1897 1252 2015 1313 pro
2066 1252 2263 1314 opere
2322 1240 2485 1314 erat,
2530 1242 2610 1297 ut

509 1349 817 1396 successu
866 1338 1181 1395 cresceret
1224 1331 1511 1394 audacia
1564 1334 1918 1412 pluresque
1963 1340 2030 1396 et
2072 1334 2337 1414 longius
2384 1335 2610 1414 pulsos

443 1437 480 1490 δ
515 1451 698 1513 perse
707 1439 1082 1513 querentur.
1170 1432 1343 1494 Tum
1382 1432 1572 1512 signo
1619 1433 1773 1494 dato
1815 1433 2026 1495 coorti
2066 1434 2365 1514 undique
2403 1433 2610 1497 Poeni

509 1539 689 1612 sunt,
748 1551 914 1612 quos
955 1533 1312 1595 instructos
1358 1533 1447 1594 ad
1500 1533 1626 1595 hoc
1672 1533 2015 1596 Hannibal
2059 1539 2386 1598 tenuerat.
2474 1536 2609 1598 Nec

447 1629 453 1636 ’
509 1633 878 1697 sustinuere
937 1632 1265 1712 impetum
1323 1631 1636 1710 Romani,
1680 1633 1799 1694 sed
1858 1633 1948 1695 ab
2002 1634 2217 1696 effusa
2258 1634 2422 1715 fuga
2478 1635 2608 1696 loci

509 1733 855 1814 angustiae
904 1751 1018 1796 eos
1068 1732 1523 1812 impeditaque
1574 1732 1707 1794 alia
1758 1750 1955 1813 opere
1996 1733 2135 1795 iam
2173 1740 2432 1813 coepto,
2476 1734 2610 1796 alia

444 1840 481 1892 6
508 1840 842 1914 apparatu
885 1832 1101 1913 operis
1143 1832 1601 1895 morabantur.
1691 1832 1969 1894 Plurimi
2013 1832 2084 1895 in
2125 1833 2378 1896 fossam
2418 1853 2608 1915 prae-

509 1934 890 2013 cipitavere,
925 1933 1254 2011 occisique
1285 1938 1441 1994 sunt
1476 1933 1697 2012 plures
1728 1931 1798 1992 in
1827 1933 1989 2012 fuga
2022 1950 2225 2011 quam
2256 1933 2326 1995 in
2361 1951 2604 2014 pugna.

441 2042 479 2096 7
510 2035 674 2096 Inde
720 2051 891 2114 opus
931 2034 1115 2094 nullo
1162 2031 1552 2111 prohibente
1591 2032 1734 2094 fieri
1767 2038 2107 2112 coeptum:
2153 2033 2332 2097 fossa
2376 2033 2608 2114 ingens

514 2137 734 2212 ducta,
786 2140 851 2198 et
903 2134 1159 2196 vallum
1212 2131 1388 2195 intra
1439 2149 1591 2194 eam
1646 2131 1945 2212 erigitur;
2002 2132 2401 2212 modicoque
2462 2120 2609 2212 post

508 2235 857 2297 intervallo
907 2248 1180 2295 murum
1224 2231 1438 2294 etiam·
1478 2232 1716 2294 eadem
1773 2230 2038 2311 regione
2087 2232 2333 2295 addere
2395 2239 2607 2312 parat,

507 2342 584 2397 ut
614 2337 719 2398 vel
751 2334 890 2398 sine
926 2332 1254 2414 praesidio
1284 2331 1455 2394 tueri
1488 2349 1557 2394 se
1586 2332 1909 2394 adversus
1941 2333 2283 2394 Romanos
2319 2339 2606 2411 possent.

441 2446 480 2498 8
509 2435 802 2514 Reliquit
849 2440 1075 2496 tamen
1111 2450 1223 2493 mo
1232 2431 1454 2493 dicum
1503 2430 1931 2511 praesidium,
1974 2431 2174 2494 simul
2222 2437 2299 2493 ut
2343 2432 2414 2494 in
2461 2450 2607 2512 per-

507 2535 790 2599 ficiendo
857 2550 1048 2596 muro
1106 2533 1476 2596 adiuvaret.
1548 2532 1717 2610 Ipse
1779 2530 2111 2610 profectus
2166 2548 2322 2593 cum
2376 2533 2608 2595 ceteris

508 2635 716 2716 copiis
769 2635 858 2698 ad
914 2635 1269 2697 Galaesum
1318 2633 1572 2693 flumen
1600 2665 1682 2674 —
1710 2631 2005 2710 quinque
2056 2631 2243 2692 milia
2298 2631 2388 2694 ab
2441 2633 2608 2694 urbe

439 2745 478 2797 9
509 2736 698 2799 abest
726 2769 807 2778 —
834 2733 1052 2815 posuit
1132 2738 1368 2796 castra.
1457 2732 1558 2792 Ex
1636 2730 1741 2792 his
1802 2730 2063 2793 stativis
2128 2748 2459 2810 regressus
2523 2733 2608 2794 ad

508 2835 1018 2915 inspiciendum,
1095 2832 1275 2912 quod
1349 2847 1520 2910 opus
1596 2830 2019 2909 aliquantum
2086 2830 2399 2909 opinione
2464 2830 2605 2894 eius

510 2935 784 2999 celerius
839 2938 1158 3011 creverat,
1214 2949 1404 3012 spem
1459 2930 1635 3011 cepit
1704 2930 1908 2993 etiam
1962 2948 2186 2993 arcem
2241 2933 2607 3011 expugnari

513 3052 724 3116 posse.
811 3035 897 3096 Et
945 3040 1042 3096 est
1088 3050 1225 3094 non
1260 3030 1636 3108 altitudine,
1678 3036 1756 3093 ut
1802 3036 2042 3108 cetera,
2083 3036 2253 3109 tuta,
2296 3032 2414 3093 sed
2458 3032 2604 3093 loco

406 3147 477 3199 10
514 3139 711 3216 plano
732 3134 946 3216 posita
965 3139 1029 3196 et
1049 3132 1130 3195 ab
1145 3132 1312 3194 urbe
1331 3148 1525 3192 muro
1543 3136 1811 3193 tantum
1829 3149 1906 3192 ac
1927 3130 2108 3193 fossa
2127 3130 2361 3193 divisa.
2436 3130 2607 3192 Cum

508 3237 646 3298 iam
707 3233 1281 3297 machinationum
1343 3231 1528 3292 omni
1576 3248 1812 3310 genere
1860 3237 1925 3292 et
1972 3229 2283 3309 operibus
2347 3247 2606 3311 oppug-

509 3342 802 3415 naretur,
843 3335 1121 3397 missum
1148 3351 1190 3394 a
1226 3333 1615 3412 Metaponto
1660 3330 2063 3407 praesidium
2091 3329 2413 3392 Romanis
2450 3331 2606 3394 fecit

509 3437 835 3513 animum,
857 3440 932 3496 ut
956 3440 1148 3496 nocte
1173 3452 1251 3495 ex
1275 3431 1615 3512 inproviso
1642 3448 1845 3509 opera
1868 3430 2163 3492 hostium
2188 3430 2601 3494 invaderent.

508 3535 656 3601 Alia
694 3535 1108 3612 disiecerunt,
1138 3533 1271 3596 alia
1291 3532 1429 3611 igni
1461 3537 1919 3609 corruperunt.
2003 3530 2201 3609 Isque
2240 3530 2393 3592 finis
2415 3531 2603 3593 Han-

563 3690 611 3736 2.
666 3696 784 3743 spot
813 3691 900 3731 the
934 3685 1196 3739 following
1227 3683 1510 3728 infinitives
1606 3683 1797 3735 ltively.

513 3766 599 3799 are
616 3758 670 3798 ln
689 3756 996 3808 apposition.
1655 3752 1705 3796 9.
1758 3750 1909 3797 tuta:
1929 3760 1994 3792 so.
2018 3757 2119 3790 arx.

567 3825 612 3869 Β.
665 3822 954 3875 impedita:
976 3821 1181 3864 salom.
1659 3819 1737 3862 10.
1792 3826 1861 3863 ex
1927 3816 2237 3868 inproviso:
2304 3816 2605 3868 “unexpect-

564 3890 613 3934 6.
664 3888 1138 3940 praecipitavere:
1155 3887 1276 3928 used
1287 3886 1510 3928 intrans·
1604 3885 1770 3936 edly.”
1824 3883 2287 3926 SeeIntroduction
2303 3883 2443 3926 VIII.
2462 3885 2499 3924 6.
