2967 4384
29 4104 36 4145 ......
29 4080 34 4089 .
27 4004 34 4051 ...-
24 3847 32 3988 *aew———v
24 3499 34 3834 ——ss-——ffl—2-
24 3473 26 3480 ν
24 3417 26 3462 νν-’
24 3369 26 3374 ⁷
24 3265 26 3280 v

489 271 561 322 22
1400 271 1468 324 τ.
1507 270 1673 325 uvr
2383 277 2528 344 [xiii.
2556 279 2591 331 7

419 454 455 504 7
487 448 767 520 tumque
800 441 883 503 ad
916 459 985 503 se
1015 440 1196 504 iubet
1227 440 1501 519 deferri3
1544 459 1819 520 corpora
1843 448 2085 522 vestra,
2120 445 2480 526 coniugum
2510 465 2588 511 ac

488 541 845 603 liberorum
899 547 1272 603 vestrorum
1329 546 1551 603 servat
1601 540 1943 620 inviolata,
1997 543 2053 605 si
2103 543 2387 607 inermes
2433 564 2590 609 cum

417 650 456 701 8
487 641 658 704 binis
687 641 1097 704 vestimentis
1137 640 1354 702 velitis
1401 640 1484 701 ab
1533 640 1824 720 Sagunto
1873 642 2068 705 exire.
2164 643 2349 707 Haec
2376 645 2588 707 victor

486 741 698 804 hostis
764 741 1080 820 imperat3
1145 741 1334 818 haec,
1397 757 1809 819 quamquam
1868 748 2025 805 sunt
2083 743 2315 823 gravia
2383 750 2585 823 atque

488 841 746 919 acerba,
805 842 1079 903 fortuna
1131 845 1354 902 vestra
1407 839 1595 902 vobis
1658 842 1909 904 suadet.
2018 842 2349 921 Equidem
2404 844 2585 907 haud

487 941 776 1019 desper0,
810 958 964 1002 cum
993 940 1295 1002 omnium
1323 943 1616 1018 potestas
1645 940 1706 1002 ei
1734 940 1918 1003 facta
1944 941 2050 1020 sit,
2085 943 2336 1022 aliquid
2372 962 2451 1005 ex
2478 945 2583 1007 his

414 1049 451 1102 9
486 1041 950 1119 remissurum3
993 1040 1105 1101 sed
1132 1040 1238 1101 vel
1267 1040 1432 1101 haec
1473 1039 1787 1118 patienda
1816 1059 2050 1103 censeo
2098 1042 2341 1121 potius,
2380 1061 2583 1122 quam

483 1141 797 1203 trucidari
851 1158 1128 1218 corpora
1150 1222 1154 1224 .
1174 1145 1418 1216 vestra,
1449 1140 1594 1218 rapi
1638 1140 1947 1219 trahique
1996 1147 2150 1204 ante
2198 1160 2317 1205 ora
2359 1149 2584 1207 vestra

378 1235 431 1332 &Q
485 1240 794 1320 coniuges
827 1258 903 1302 ac
933 1239 1172 1301 liberos
1201 1238 1354 1300 belli
1382 1239 1523 1301 iure
1556 1238 1834 1302 sinatis)

416 1344 448 1396 1
654 1341 826 1402 XIV.
874 1341 975 1401 Ad
1024 1340 1190 1400 haec
1239 1338 1568 1400 audienda
1613 1356 1767 1400 cum
1814 1339 2218 1402 circumfusa
2256 1342 2583 1422 paulatim

484 1440 903 1502 multitudine
949 1438 1351 1518 permixtum
1396 1439 1658 1501 senatui
1688 1445 1874 1501 *esset
1931 1440 2156 1519 populi
2203 1442 2578 1521 concilium,

482 1545 746 1618 repente
780 1540 1100 1619 primores
1128 1538 1492 1601 secessione
1539 1538 1743 1616 facta,
1774 1539 2164 1618 priusquam
2192 1559 2581 1620 responsum

484 1640 772 1718 daretur,
805 1644 1156 1719 argentum
1186 1655 1557 1718 aurumque
1613 1656 1808 1700 omne
1857 1658 1937 1701 ex
1980 1641 2242 1718 publico
2287 1641 2579 1721 privato-

487 1757 611 1819 que
650 1739 720 1800 in
763 1741 986 1802 forum
1025 1739 1364 1801 conlatum
1410 1739 1481 1800 in
1526 1738 1750 1818 ignem
1794 1740 1880 1801 ad
1925 1739 1991 1801 id
2036 1740 2280 1819 raptim
2322 1742 2579 1804 factum

187 1755 437 1964 Q
482 1840 876 1903 conicientes
919 1839 1148 1902 eodem
1192 1838 1485 1918 plerique
1533 1844 1742 1901 semet
1787 1839 1910 1918 ipsi
1959 1840 2575 1920 praecipitaverunt.

202 1945 447 2090 bypss
482 1940 650 2001 Cum
679 1958 758 2002 ex
791 1958 867 2002 eo
897 1958 1102 2019 pavor
1137 1957 1216 2001 ac
1261 1939 1607 2018 trepidatio
1650 1945 1865 2001 totam
1903 1941 2137 2002 urbem
2165 1942 2576 2021 pervasisset,

481 2039 672 2102 alius'
708 2039 971 2118 insuper
1038 2038 1366 2101 tumultus
1424 2057 1505 2101 ex
1574 2057 1725 2102 arce
1784 2039 2075 2103 auditur.
2163 2041 2386 2103 Turris
2466 2042 2578 2103 diu

486 2147 797 2220 quassata
840 2140 1230 2219 prociderat,
1258 2157 1506 2219 perque
1552 2139 1819 2202 ruinam
1849 2141 1989 2203 eius
2038 2142 2273 2204 cohors
2322 2142 2577 2204 Poeno-

477 2259 629 2302 rum
658 2241 908 2319 impetu
955 2240 1134 2302 facto
1187 2257 1341 2301 cum
1387 2238 1654 2317 signum
1698 2239 2078 2318 imperatori
2125 2241 2405 2303 dedisset
2450 2259 2577 2303 nu-

480 2341 706 2402 datam
779 2339 1170 2402 stationibus
1207 2405 1219 2416 ,
1250 2339 1563 2402 custodiis
1571 2357 1694 2418 que
1784 2340 1992 2402 solitis
2066 2340 2361 2402 hostium
2434 2359 2573 2403 esse

409 2452 445 2503 3
479 2440 730 2517 urbem,
760 2458 896 2500 non
928 2437 1376 2500 cunctandum
1404 2437 1475 2499 in
1501 2439 1620 2500 tali
1651 2439 1995 2502 occasione
2024 2444 2210 2501 ratus
2239 2440 2575 2502 Hannibal

476 2540 633 2602 totis
660 2538 908 2600 viribus
940 2537 1282 2617 adgressus
1313 2537 1546 2600 urbem
1580 2544 1922 2601 momento
1953 2539 2144 2618 cepit,
2176 2539 2365 2619 signo
2392 2531 2571 2617 dato,

477 2644 552 2700 ut
589 2656 817 2700 omnes
854 2638 1129 2716 puberes
1159 2637 1703 2700 interficerentur.
1785 2639 1972 2718 Quod
2017 2639 2370 2717 imperium
2418 2657 2567 2701 cru-

478 2739 639 2816 dele,
689 2743 982 2799 ceterum
1026 2755 1223 2816 prope
1272 2737 1719 2800 necessarium
1766 2738 2107 2817 cognitum
2152 2738 2291 2817 ipso
2332 2743 2574 2801 eventu

407 2849 446 2900 4
477 2844 609 2902 est:
665 2837 771 2899 cui
825 2837 1004 2899 enim
1054 2835 1238 2915 parci
1288 2837 1503 2915 potuit
1564 2855 1642 2898 ex
1694 2836 1796 2915 iis,
1834 2837 1945 2916 qui
1992 2843 2109 2899 aut
2143 2837 2379 2900 inclusi
2420 2856 2575 2901 cum

478 2937 865 3017 coniugibus
924 2955 1000 2999 ac
1048 2936 1270 2998 liberis
1317 2936 1547 2997 domos
1593 2953 1789 3014 super
1833 2954 1901 2998 se
1957 2937 2131 3016 ipsos
2192 2956 2573 3001 concrema-

473 3042 712 3099 verunt
749 3042 865 3098 aut
893 3035 1135 3098 armati
1154 3036 1417 3097 nullum
1447 3040 1600 3097 ante
1624 3036 1829 3098 finem
1851 3053 2110 3116 pugnae
2142 3054 2346 3116 quam
2372 3038 2574 3100 mori-

478 3142 664 3199 entes
695 3137 994 3199 fecerunt
1014 3136 1049 3198 Ρ

526 3337 573 3380 7.
629 3343 862 3386 corpora
887 3334 1248 3379 vesti-21:¹70&
1302 3331 1472 3377 binis:
1628 3333 1675 3377 ⁸.
1708 3333 1798 3378 ut.
1816 3365 1828 3378 .
1846 3366 1857 3378 .
1876 3332 2414 3378 interficerentur-:in
2426 3343 2576 3386 appo-

475 3404 536 3444 or.
567 3401 770 3452 sinqulis
801 3403 857 3440 12.
873 3401 910 3443 5.
965 3402 1070 3442 The
1096 3405 1271 3441 orator
1299 3401 1474 3441 makes
1576 3400 1733 3441 sition
1750 3401 1878 3441 with
1903 3400 2054 3451 siquo,
2084 3401 2381 3452 expressing
2398 3411 2429 3442 a
2445 3411 2576 3442 com-

477 3471 563 3511 the
581 3473 738 3510 terms
755 3469 1033 3509 somewhat
1051 3476 1192 3508 more
1207 3476 1469 3518 genereus.
1576 3468 1743 3508 mand.
1797 3467 1901 3508 The
1927 3467 2179 3508 infinitivo
2202 3466 2257 3507 in
2284 3467 2576 3518 apposition

526 3538 572 3582 9.
627 3534 854 3579 sinatis:
909 3536 994 3575 the
1053 3533 1378 3583 subjunctive
1420 3534 1475 3574 or
1575 3534 1702 3574 with
1719 3533 1904 3584 sianum
1919 3533 1975 3573 in
2004 3534 2090 3574 the
2116 3533 2355 3584 previous
2382 3532 2576 3575 section

475 3602 810 3655 anticipation
835 3602 934 3643 and
960 3600 1295 3651 deprecation.
1574 3604 1861 3650 represents
1879 3609 1910 3641 a
1927 3601 2045 3640 fact.

524 3672 657 3711 XIV.
764 3669 809 3712 1.
895 3666 1206 3712 secessione
1295 3665 1470 3710 facta:
1623 3667 1671 3709 4.
1728 3665 1839 3710 cui:
1860 3667 1947 3707 the
1964 3665 2136 3706 dative
2151 3665 2278 3708 with
2296 3665 2382 3707 the
2398 3664 2577 3718 imper-

475 3735 912 3786 “withdrawing.”
989 3733 1092 3773 'Phe
1159 3732 1472 3783 periphrasis
1574 3733 1720 3774 sonal
1749 3731 1950 3783 passive
1977 3732 2128 3782 parci.
2184 3731 2413 3778 inclusi:
2451 3732 2574 3774 mid-

473 3803 697 3855 supplies
717 3803 804 3844 the
819 3800 932 3843 lack
950 3800 1004 3844 ot
1030 3809 1061 3841 a
1088 3801 1280 3851 perfect.
1307 3799 1472 3841 active
1573 3799 1654 3839 dle
1696 3798 1855 3846 voice;
1938 3799 2207 3852 “shutting
2274 3800 2576 3842 themselves

472 3869 752 3924 participle.
1576 3875 1656 3916 up.
1667 3867 1694 3885 '’
