2967 4384
480 218 570 275 ἀ.
597 222 656 288 2]
1242 220 1472 274 mma
1506 219 1736 274 xxm
2414 223 2518 276 135

434 396 723 473 asigureS,
798 395 1039 454 durum
1103 393 1175 453 in
1242 392 1444 454 armis
1513 410 1740 470 genuS.
1829 391 2084 454 Eodem
2151 393 2323 455 versi
2391 395 2519 454 ele-

437 494 688 572 phanti,
742 494 855 572 qui
903 494 1114 572 primo
1160 494 1415 570 impetu
1460 492 1895 553 turbaverant
1940 492 2407 570 antesignanos
2452 500 2516 554 et

326 596 396 647 11
429 595 569 655 iam
603 594 791 672 signa
824 599 1175 654 moverant
1209 593 1384 668 loco;
1424 591 1659 652 deinde
1696 598 2024 653 crescente
2060 592 2416 653 certamine
2452 599 2516 654 et

433 698 719 757 clamore
752 693 1159 771 inpotentius
1192 693 1330 754 iam
1362 692 1500 769 regi
1534 698 1597 752 et
1631 691 1801 752 inter
1839 693 2002 753 duas
2036 692 2209 753 acies
2244 693 2514 770 versari,

432 797 615 857 velut
655 794 908 872 incerti,
958 811 1241 872 quorum
1282 799 1520 868 essent,
1564 792 1746 852 haud
1794 791 2188 854 dissimiliter
2229 792 2515 854 navibus

325 896 397 947 12
431 896 571 956 sine
630 895 1078 974 gubernaculo
1139 893 1346 972 vagis,
1462 893 1776 953 Claudius
1863 891 2055 970 ‘Quid
2115 910 2268 970 ergo
2332 910 2517 971 prae-

431 995 615 1072 cipiti
662 1012 858 1056 cursu
923 1001 1065 1056 tam
1109 996 1384 1072 longum
1443 993 1568 1054 iter
1614 992 1862 1054 emensi
1933 993 2221 1054 sumus?
2291 994 2517 1054 clami-

429 1101 581 1156 tans
629 1095 973 1172 militibus,
1025 1111 1181 1155 cum
1226 1094 1296 1153 in
1345 1095 1706 1155 adversum
1753 1093 1987 1153 collem
2033 1092 2279 1154 frustra
2328 1093 2516 1172 signa

430 1195 674 1272 erigere
712 1201 989 1256 conatus
1025 1201 1216 1271 esset,
1258 1200 1615 1272 postquam
1649 1210 1728 1254 ea
1762 1193 2025 1272 regione
2065 1194 2391 1271 penetrari
2426 1196 2513 1255 ad

325 1307 395 1358 13
430 1297 690 1356 hostem
736 1312 873 1355 non
920 1294 1192 1357 videbat
1244 1311 1453 1373 posse,
1504 1294 1805 1355 cohortes
1852 1293 2106 1372 aliquot
2153 1292 2515 1356 subductas

429 1413 463 1456 e
532 1397 757 1456 dextro
821 1411 1049 1471 cornu,
1111 1394 1228 1454 ubi
1291 1394 1648 1454 stationem
1707 1394 1919 1472 magis
1979 1411 2248 1472 segnem
2314 1411 2516 1472 quam

325 1510 398 1560 14
433 1512 728 1573 pugnam
774 1494 1075 1555 futuram
1123 1494 1455 1570 cernebat,
1511 1500 1657 1572 post
1707 1494 1920 1555 aciem
1969 1493 2400 1555 circumducit
2450 1501 2515 1556 et

429 1612 566 1654 non
624 1594 928 1655 hostibus
988 1594 1190 1654 modo
1252 1595 1368 1654 sed
1428 1593 1631 1654 etiam
1690 1593 1826 1654 suis
1885 1593 2386 1671 inopinantibus
2444 1595 2514 1654 in

434 1696 738 1756 dextrum
775 1694 1069 1754 hostium
1109 1695 1282 1754 latus
1322 1694 1626 1770 incurrit3
1666 1700 1986 1770 tantaque
2029 1693 2324 1756 celeritas
2364 1694 2513 1771 fuit,

428 1801 524 1871 ut,
558 1811 714 1855 cum
743 1793 1180 1856 ostendissent
1211 1811 1280 1854 se
1311 1792 1398 1854 ab
1429 1795 1653 1869 latere,
1688 1810 1843 1853 mox
1872 1793 1942 1852 in
1972 1799 2155 1872 terga
2186 1794 2322 1854 iam
2355 1810 2517 1873 pug-

324 1908 395 1960 15
429 1900 683 1956 narent.
773 1894 877 1954 Ita
918 1912 996 1954 ex
1030 1892 1346 1979 *omnibus
1391 1893 1711 1971 partibuS,
1753 1893 1841 1954 ab
1880 1892 2119 1969 fronte,
2162 1892 2248 1953 ab
2289 1895 2513 1970 latere,

428 1996 516 2057 ab
558 2001 763 2074 tergo,
807 1993 1224 2054 trucidantur
1265 1991 1548 2071 Hispani
1590 1993 2012 2071 Liguresque,
2058 1999 2121 2054 et
2164 1994 2251 2054 ad
2296 1994 2515 2056 Gallos

426 2095 564 2155 iam
609 2092 843 2156 caedes
892 2098 1300 2172 pervenerat.
1389 2091 1494 2152 Ibi
1538 2092 1894 2152 minimum
1938 2092 2314 2154 certaminis
2359 2093 2514 2154 fuit:

322 2207 396 2258 16
428 2213 588 2256 nam
642 2200 706 2255 et
765 2211 916 2272 pars
971 2207 1216 2272 magna
1270 2192 1357 2254 ab
1415 2192 1617 2272 signis
1672 2191 1971 2269 aberant,
2026 2198 2218 2254 nocte
2279 2193 2515 2271 dilapsi

427 2294 747 2372 stratique
777 2311 1013 2355 somno
1046 2293 1293 2372 passim
1325 2310 1439 2371 per
1467 2310 1683 2371 agros,
1714 2298 1778 2353 et
1813 2292 1925 2371 qui
1954 2293 2253 2369 aderant,
2283 2292 2515 2354 itinere

427 2411 504 2454 ac
564 2393 804 2471 vigiliis
861 2392 1038 2469 fessi,
1099 2392 1682 2453 intolerantissima
1739 2391 1984 2452 laboris
2044 2409 2341 2469 corpora,
2405 2393 2516 2454 vix

426 2512 616 2555 arma
659 2493 905 2554 umeris
952 2493 1329 2572 gestabant;
1376 2499 1439 2553 et
1486 2493 1623 2552 iam
1674 2492 1799 2580 diei
1847 2492 2144 2553 medium
2189 2498 2350 2568 erat,
2400 2493 2515 2553 sit-

321 2613 396 2663 1⁷
426 2593 614 2671 isque
658 2599 722 2654 et
765 2594 944 2654 calor
983 2593 1242 2654 hiantes
1286 2592 1657 2653 caedendos
1701 2591 2187 2670 capiendosque
2230 2591 2515 2672 adfatim

359 2711 393 2762 1
433 2693 811 2772 praebebat.
859 2717 871 2727 ·
902 2693 1129 2753 XLIX.
1176 2691 1530 2770 Elephanti
1572 2692 1789 2769 plures
1828 2690 1914 2751 ab
1953 2690 2112 2768 ipsis
2150 2691 2514 2752 rectoribus

434 2809 636 2870 quam
665 2792 753 2853 ab
782 2793 971 2852 hoste
1001 2791 1347 2853 interfecti.
1438 2791 1695 2851 Fabrile
1728 2791 2061 2868 scalprum
2092 2806 2245 2850 cum
2273 2791 2512 2850 malleo

426 2892 795 2969 habebant3
852 2894 946 2969 id,
987 2891 1104 2952 ubi
1143 2892 1397 2954 saevire
1443 2891 1676 2952 beluae
1715 2908 1793 2952 ac
1832 2907 2018 2951 ruere
2057 2891 2127 2949 in
2172 2907 2325 2952 suos
2368 2908 2515 2952 coe-

431 2998 686 3070 perant,
707 2992 1020 3070 magister
1039 2992 1210 3053 inter
1239 3009 1433 3052 aures
1458 2990 1769 3069 positum,
1789 2989 1933 3067 ipso
1955 2989 2025 3049 in
2054 2989 2351 3067 articulo,
2382 3007 2511 3068 quo

424 3091 719 3171 iungitur
787 3091 986 3170 capiti
1056 3091 1296 3169 cervi1,
1372 3097 1621 3169 quanto
1689 3090 1981 3151 maximo
2054 3095 2307 3167 poterat
2374 3090 2510 3151 ictu

356 3207 393 3257 2
426 3190 754 3270 adigebat.
844 3192 942 3252 Ea
1007 3191 1343 3252 celerrima
1408 3191 1521 3252 via
1584 3190 1812 3251 mortis
1877 3188 1946 3249 in
2030 3194 2252 3250 tantae
2318 3190 2511 3251 molis

429 3290 622 3352 belua
666 3291 940 3352 inventa
986 3297 1147 3368 erat,
1194 3290 1312 3351 ubi
1358 3291 1641 3370 regentis
1688 3289 2042 3367 imperium
2086 3289 2508 3367 sprevissent,

476 3494 554 3538 11.
610 3493 751 3546 regi:
782 3504 846 3534 sc.
869 3491 1130 3542 elephanti:
1155 3493 1418 3535 historieal
1516 3501 1768 3544 corpora:
1824 3492 1879 3534 in
1932 3492 2068 3532 loose
2122 3490 2412 3542 appositlon
2454 3493 2509 3531 to

425 3560 690 3602 infinitivo.
759 3561 1017 3605 navibus:
1071 3561 1242 3601 dative
1293 3561 1419 3601 with
1518 3559 1689 3610 (Galli)
1710 3559 1790 3610 qui
1808 3559 2022 3598 aderant.

425 3626 734 3674 dissimiliter,
791 3629 870 3668 for
936 3627 1102 3668 which
1169 3625 1416 3668 dissimiles
1563 3628 1740 3667 XLIX.
1798 3629 1843 3670 1.
1896 3624 2100 3670 fabrile
2122 3624 2424 3675 scalprum:
2441 3632 2508 3663 an

423 3695 589 3746 might,
606 3696 733 3736 have
751 3696 874 3735 been
893 3695 1028 3735 used.
1514 3694 1754 3734 artisan·s
1773 3693 1939 3733 chisel.

478 3763 554 3807 18.
609 3761 932 3806 stationem:
956 3760 1293 3812 “picketing.”
1564 3761 1611 3804 2.
1666 3758 1938 3812 regentis:
1971 3756 2244 3808 :moyam-i.

476 3829 553 3872 10.
607 3836 742 3880 pars
779 3828 1034 3872 aberant:
1073 3837 1154 3868 see
1182 3829 1244 3867 21.
1278 3829 1340 3868 27.
1375 3827 1413 3868 9.
