2967 4384
51 1548 60 1763 ———-.-
57 1500 62 1511 -

295 220 460 278 xxix.
487 218 548 292 ὅ]
1143 217 1376 278 mm
1410 219 1583 276 XXX
2290 219 2397 275 159

299 413 382 458 eo
411 394 752 476 inciperet.
843 394 1193 474 Superavit
1229 401 1536 476 paternos
1566 395 1871 472 honoreS,
1902 394 2119 457 avitos
2149 412 2395 473 aequa-

303 495 423 558 vit.
512 495 824 556 Pluribus
867 495 1159 558 victoriis
1214 501 1278 557 et
1333 494 1698 556 maioribus
1757 494 2017 572 proeliis
2071 512 2242 556 avus
2295 495 2396 555 in-

299 596 506 677 signis
543 599 811 676 Rullus;
849 599 967 660 sed
1007 597 1232 660 omnia
1269 613 1557 675 aequare
1596 612 1771 657 unus
1808 596 2016 658 hostis
2054 596 2395 657 Hannibal

304 702 541 777 potest.
632 682 903 760 Cautior
958 704 1186 760 tamen
1249 714 1450 777 quam
1511 696 1876 776 promptior
1930 696 2037 760 hic
2095 695 2394 773 habitus3
2425 705 2462 756 9

299 801 366 859 et
430 795 601 860 sicut
668 797 952 877 dubiteS,
1015 804 1246 860 utrum
1306 798 1572 879 ingenio
1637 802 1981 859 cunctator
2042 795 2241 858 fuerit
2305 814 2393 857 an

304 895 463 977 quia
523 896 620 961 ita
685 898 856 961 bello
923 897 1206 977 proprie,
1275 899 1453 977 quod
1515 905 1663 960 tum
1722 897 2094 978 gerebatur,
2157 902 2395 976 aptum

299 1003 466 1075 erat,
514 996 606 1060 sic
654 997 822 1060 nihil
870 997 1110 1060 certius
1157 1003 1254 1060 est
1307 1015 1510 1078 quam
1556 1015 1770 1059 unum
1813 995 2155 1059 hominem
2198 996 2393 1059 nobis

300 1099 681 1160 cunctando
724 1115 869 1160 rem
911 1097 1294 1176 restituisse,
1338 1098 1509 1160 sicut
1552 1097 1807 1161 Ennius
1848 1096 1963 1161 ait.

471 1198 710 1260 XXIX.
757 1198 905 1259 Iam
984 1198 1476 1260 Hadrumetum
1560 1203 1948 1278 pervenerat
2027 1196 2390 1274 Hannibal,
2426 1199 2459 1249 1

296 1298 502 1375 unde,
557 1298 644 1359 ad
697 1297 1133 1359 reficiendum
1185 1316 1264 1360 ex
1317 1296 1671 1360 iactatione
1726 1297 2061 1360 maritima
2113 1297 2393 1360 militem

301 1395 532 1475 paucis
591 1395 825 1459 diebus
880 1396 1185 1477 sumptis,
1241 1397 1492 1460 excitus
1550 1397 1810 1476 pavidis
1864 1397 2113 1458 nuntiis
2168 1397 2393 1458 omnia

299 1496 474 1558 circa
521 1495 993 1577 Carthaginem
1041 1497 1323 1559 obtineri
1370 1497 1573 1559 armis
1620 1497 2085 1576 adferentium,
2132 1497 2393 1578 magnis

295 1595 645 1659 itineribus
708 1597 989 1658 Zamam
1053 1596 1411 1660 contendit.
1502 1596 1709 1659 Zama
1778 1597 2067 1676 quinque
2138 1598 2393 1660 dierum
2423 1607 2459 1658 2
2540 1642 2547 1648 .

295 1696 422 1758 iter
465 1696 556 1758 ab
603 1695 1001 1778 Carthagine
1047 1696 1257 1760 abest.
1347 1696 1511 1758 Inde
1562 1695 1902 1776 praemissi
1949 1699 2393 1776 speculatores

297 1814 454 1858 cum
509 1796 767 1875 excepti
825 1795 910 1857 ab
967 1795 1356 1858 custodibus
1412 1795 1734 1858 Romanis
1796 1797 2059 1858 deducti
2116 1799 2203 1859 ad
2260 1796 2393 1858 Sci-

298 1896 566 1974 pionem
647 1902 886 1975 essent,
947 1898 1228 1960 traditos
1288 1915 1399 1959 eos
1459 1896 1744 1959 tribunis
1804 1897 2092 1959 militum
2152 1897 2393 1958 iussos-

299 2014 424 2075 que
469 1997 713 2059 omisso
759 2003 943 2060 metu
985 1997 1194 2060 visere
1238 1996 1463 2058 omnia
1508 2015 1624 2075 per
1665 2003 1902 2076 castra,
1951 2013 2082 2076 qua
2125 1999 2392 2075 vellent,

296 2097 703 2160 circumduci
745 2098 965 2175 iussit;
1019 2104 1639 2177 percunctatusque,
1681 2097 1876 2159 satin’
1934 2115 2049 2175 per
2099 2113 2394 2158 commo-
2422 2105 2459 2156 3

299 2198 460 2258 dum
528 2196 754 2259 omnia
822 2198 1296 2277 explorassent,
1369 2197 1561 2276 datis,
1635 2197 1746 2276 qui
1817 2202 2391 2277 prosequerentur,

294 2303 468 2359 retro
517 2299 606 2360 ad
653 2297 1108 2360 Hannibalem
1158 2297 1424 2360 dimisit.
1514 2297 1855 2359 Hannibal
1903 2297 2068 2357 nihil
2121 2296 2391 2375 quidem
2421 2306 2460 2358 4

294 2415 548 2477 eorum,
605 2414 772 2477 quae
823 2397 1309 2460 nuntiabantur
1336 2432 1417 2440 —-
1442 2415 1605 2458 nam
1652 2403 1716 2459 et
1764 2396 2187 2459 Masinissam
2235 2413 2391 2472 cum

294 2515 405 2558 sex
445 2497 716 2560 milibus
761 2497 1083 2577 peditum,
1131 2503 1444 2577 quattuor
1482 2496 1786 2576 equitum
1826 2496 2083 2559 venisse
2124 2513 2202 2558 eo
2242 2495 2387 2575 ipso

293 2595 461 2658 forte
532 2597 633 2660 die
673 2598 1067 2661 adferebant
1089 2632 1169 2641 -
1197 2644 1215 2676 ,
1245 2599 1420 2659 laeto
1461 2597 1687 2659 animo
1752 2597 2033 2680 audivit,
2099 2597 2385 2658 maxime

292 2695 500 2758 hostis
541 2698 788 2761 fiducia
829 2698 1269 2778 audaciaque,
1313 2715 1448 2759 non
1495 2698 1571 2759 de
1612 2697 1819 2758 nihilo
1865 2696 2158 2776 profecto
2201 2714 2357 2759 con-

294 2802 510 2876 cepta,
558 2801 896 2876 perculsus
940 2805 1058 2862 est.
1149 2799 1383 2884 Itaque
1434 2814 1846 2877 quamquam
1889 2803 1953 2859 et
1996 2797 2135 2875 ipse
2182 2814 2385 2859 causa
2418 2804 2453 2855 5

297 2894 448 2956 belli
491 2902 631 2958 erat
673 2903 738 2959 et
779 2900 1079 2961 adventu
1120 2916 1240 2960 suo
1282 2898 1671 2959 turbaverat
1713 2903 1777 2959 et
1823 2902 2049 2975 pactas
2091 2896 2385 2958 indutias

293 3000 357 3055 et
386 3012 576 3074 spem
603 2996 972 3076 foederum,
1009 3004 1258 3074 tamen,
1291 2996 1345 3059 si
1383 2996 1635 3078 integer
1673 3013 1875 3076 quam
1914 2996 1969 3059 si
2011 2996 2228 3059 victus
2269 3015 2382 3075 pe-

341 3224 389 3269 9.
445 3222 691 3272 dubitent
734 3226 988 3278 potential
1027 3227 1154 3268 with
1205 3227 1293 3268 the
1385 3227 1579 3269 nuntii-3.

291 3291 638 3344 generallzing
669 3294 853 3335 second
889 3302 1086 3346 person.
1141 3293 1294 3337 sicut
1437 3296 1482 3339 3.
1540 3293 1735 3339 satin’:
1791 3293 2028 3343 mansne,
2098 3295 2220 3336 used
2288 3296 2381 3336 fre·

292 3357 502 3402 Enniufl
524 3359 632 3404 ait:
661 3368 743 3401 see
771 3359 833 3400 22.
856 3360 916 3400 12.
941 3360 1004 3400 12.
1056 3359 1161 3401 'Phe
1188 3360 1293 3400 line
1381 3362 1599 3411 quently
1630 3361 1687 3402 ln
1720 3361 1998 3412 colloquial
2030 3362 2209 3413 speech
2236 3364 2290 3402 to
2307 3361 2380 3403 in-

290 3424 510 3464 referred
545 3428 600 3466 to
632 3425 690 3466 ln
723 3426 812 3467 the
837 3429 948 3468 text.
983 3426 1030 3467 is
1053 3426 1290 3468 imitated
1383 3429 1594 3471 troduce
1629 3437 1662 3469 a
1694 3427 1945 3477 question.
1998 3433 2098 3478 per
2142 3436 2376 3472 eommo-

291 3491 356 3541 by
371 3490 546 3542 Vergil
564 3491 621 3533 in
645 3491 758 3533 Aen.
781 3493 818 3534 6.
839 3493 927 3534 846.
1381 3493 1537 3538 dumt
1562 3493 1855 3545 equivalent
1872 3497 1927 3535 to
1946 3494 2031 3535 the
2048 3495 2235 3537 adverb
2262 3503 2376 3535 com-

288 3604 678 3684 memI·
695 3677 704 3686 ,
726 3607 999 3686 HaRRJDal
1015 3610 1073 3686 in·
1090 3609 1286 3686 {frma-
1380 3560 1801 3678 mazzaprofecto:
1819 3627 1903 3667 the
1918 3627 2104 3669 adverb
2115 3637 2375 3679 expresses

385 3673 486 3717 HlS
502 3673 799 3720 Interwew
824 3677 965 3720 Wsth
990 3677 1186 3728 Scipio.
1381 3693 1684 3736 Hanmbal’s
1700 3695 1848 3744 point
1859 3695 1913 3735 ot
1930 3694 2073 3734 view.

335 3756 382 3800 1.
436 3755 749 3803 iactatione
782 3759 1093 3803 maritima:
1122 3769 1202 3799 see
1219 3761 1282 3799 21.
1430 3762 1475 3803 δ.
1536 3762 1774 3813 lnteger:
1841 3761 2108 3808 :invictum
2172 3761 2374 3812 intem-is

292 3825 352 3865 26·
371 3825 408 3865 5.
465 3815 860 3871 adferentium:
891 3827 1113 3877 depensis
1147 3837 1285 3878 upon
1381 3826 1575 3869 viribus.
