<?xml version="1.0" encoding="UTF-8"?>
<!DOCTYPE html PUBLIC "-//W3C//DTD XHTML 1.0 Transitional//EN"
    "http://www.w3.org/TR/xhtml1/DTD/xhtml1-transitional.dtd">
<html xmlns="http://www.w3.org/1999/xhtml" xml:lang="en" lang="en">
 <head>
  <title>
</title>
<meta http-equiv="Content-Type" content="text/html;charset=utf-8" />
  <meta name='ocr-system' content='tesseract 3.04.00' />
  <meta name='ocr-capabilities' content='ocr_page ocr_carea ocr_par ocr_line ocrx_word'/>
</head>
<body>
  <div class='ocr_page' id='page_1' title='image "./livywarwithhann00livygoog_0136.png"; bbox 0 0 2967 4384; ppageno 0'>
   <div class='ocr_carea' id='block_1_1' title="bbox 495 226 2580 302">
    <p class='ocr_par' dir='ltr' id='par_1_1' title="bbox 495 226 2580 302">
     <span class='ocr_line' id='line_1_1' title="bbox 495 226 2580 302; baseline 0.004 -24"><span class='ocrx_word' id='word_1_1' title='bbox 495 226 604 280; x_wconf 82' lang='lat'><strong>134</strong></span> <span class='ocrx_word' id='word_1_2' title='bbox 1321 255 1326 260; x_wconf 86' lang='lat'><strong>·</strong></span> <span class='ocrx_word' id='word_1_3' title='bbox 1412 231 1476 284; x_wconf 76' lang='grc' dir='ltr'><strong>Τ.</strong></span> <span class='ocrx_word' id='word_1_4' title='bbox 1516 231 1681 286; x_wconf 80' lang='lat' dir='ltr'><strong>Lm</strong></span> <span class='ocrx_word' id='word_1_5' title='bbox 2298 234 2480 302; x_wconf 84' lang='lat' dir='ltr'><strong>[xlvii.</strong></span> <span class='ocrx_word' id='word_1_6' title='bbox 2514 237 2580 286; x_wconf 88' lang='lat'><strong>11</strong></span> 
     </span>
    </p>
   </div>
   <div class='ocr_carea' id='block_1_2' title="bbox 379 399 2582 3392">
    <p class='ocr_par' dir='ltr' id='par_1_2' title="bbox 379 399 2582 3392">
     <span class='ocr_line' id='line_1_2' title="bbox 492 399 2581 484; baseline 0.002 -23"><span class='ocrx_word' id='word_1_7' title='bbox 492 399 827 477; x_wconf 89' lang='lat' dir='ltr'><strong>scedebat,</strong></span> <span class='ocrx_word' id='word_1_8' title='bbox 863 408 1052 464; x_wconf 90' lang='lat' dir='ltr'><strong>tanto</strong></span> <span class='ocrx_word' id='word_1_9' title='bbox 1087 403 1432 465; x_wconf 81' lang='lat' dir='ltr'><strong>altioribus</strong></span> <span class='ocrx_word' id='word_1_10' title='bbox 1466 405 1919 467; x_wconf 84' lang='lat' dir='ltr'>coercentibus</span> <span class='ocrx_word' id='word_1_11' title='bbox 1952 424 2221 467; x_wconf 90' lang='lat' dir='ltr'><strong>amnem</strong></span> <span class='ocrx_word' id='word_1_12' title='bbox 2253 407 2411 484; x_wconf 90' lang='lat' dir='ltr'>ripis</span> <span class='ocrx_word' id='word_1_13' title='bbox 2445 425 2581 468; x_wconf 94' lang='lat' dir='ltr'><strong>non</strong></span> 
     </span>
     <span class='ocr_line' id='line_1_3' title="bbox 490 499 2581 583; baseline 0.005 -25"><span class='ocrx_word' id='word_1_14' title='bbox 490 499 819 561; x_wconf 88' lang='lat' dir='ltr'><strong>inveniret</strong></span> <span class='ocrx_word' id='word_1_15' title='bbox 876 503 1074 579; x_wconf 89' lang='lat' dir='ltr'><strong>vada,</strong></span> <span class='ocrx_word' id='word_1_16' title='bbox 1135 503 1311 564; x_wconf 93' lang='lat' dir='ltr'><strong>diem</strong></span> <span class='ocrx_word' id='word_1_17' title='bbox 1361 506 1636 580; x_wconf 80' lang='lat' dir='ltr'><strong>terendo</strong></span> <span class='ocrx_word' id='word_1_18' title='bbox 1689 506 1983 583; x_wconf 90' lang='lat' dir='ltr'><strong>spatium</strong></span> <span class='ocrx_word' id='word_1_19' title='bbox 2038 506 2216 568; x_wconf 85' lang='lat' dir='ltr'><strong>dedit</strong></span> <span class='ocrx_word' id='word_1_20' title='bbox 2270 508 2358 567; x_wconf 90' lang='lat' dir='ltr'><strong>ad</strong></span> <span class='ocrx_word' id='word_1_21' title='bbox 2410 507 2581 568; x_wconf 90' lang='lat' dir='ltr'><strong>inse-</strong></span> 
     </span>
     <span class='ocr_line' id='line_1_4' title="bbox 497 601 2307 678; baseline 0.009 -19"><span class='ocrx_word' id='word_1_22' title='bbox 497 601 841 678; x_wconf 89' lang='lat' dir='ltr'><strong>quendum</strong></span> <span class='ocrx_word' id='word_1_23' title='bbox 883 619 1023 663; x_wconf 90' lang='lat' dir='ltr'><strong>sese</strong></span> <span class='ocrx_word' id='word_1_24' title='bbox 1065 603 1261 664; x_wconf 90' lang='lat' dir='ltr'><strong>hosti.</strong></span> <span class='ocrx_word' id='word_1_25' title='bbox 2300 669 2307 676; x_wconf 91' lang='lat'><strong>.</strong></span> 
     </span>
     <span class='ocr_line' id='line_1_5' title="bbox 424 701 2578 784; baseline 0.005 -26"><span class='ocrx_word' id='word_1_26' title='bbox 424 708 456 758; x_wconf 85' lang='lat'>1</span> <span class='ocrx_word' id='word_1_27' title='bbox 663 701 954 763; x_wconf 90' lang='lat' dir='ltr'><strong>XLVIII.</strong></span> <span class='ocrx_word' id='word_1_28' title='bbox 999 703 1169 764; x_wconf 83' lang='lat' dir='ltr'><strong>Nero</strong></span> <span class='ocrx_word' id='word_1_29' title='bbox 1210 704 1503 782; x_wconf 90' lang='lat' dir='ltr'><strong>primum</strong></span> <span class='ocrx_word' id='word_1_30' title='bbox 1536 723 1693 766; x_wconf 88' lang='lat' dir='ltr'><strong>cum</strong></span> <span class='ocrx_word' id='word_1_31' title='bbox 1727 706 1909 767; x_wconf 93' lang='lat' dir='ltr'><strong>omni</strong></span> <span class='ocrx_word' id='word_1_32' title='bbox 1946 707 2246 784; x_wconf 88' lang='lat' dir='ltr'><strong>equitatu</strong></span> <span class='ocrx_word' id='word_1_33' title='bbox 2283 707 2578 784; x_wconf 88' lang='lat' dir='ltr'><strong>advenit,</strong></span> 
     </span>
     <span class='ocr_line' id='line_1_6' title="bbox 489 802 2582 886; baseline 0.003 -24"><span class='ocrx_word' id='word_1_34' title='bbox 489 802 760 864; x_wconf 88' lang='lat' dir='ltr'><strong>Porcius</strong></span> <span class='ocrx_word' id='word_1_35' title='bbox 801 803 1037 866; x_wconf 91' lang='lat' dir='ltr'><strong>deinde</strong></span> <span class='ocrx_word' id='word_1_36' title='bbox 1072 806 1428 867; x_wconf 89' lang='lat' dir='ltr'><strong>adsecutus</strong></span> <span class='ocrx_word' id='word_1_37' title='bbox 1462 823 1620 867; x_wconf 89' lang='lat' dir='ltr'><strong>cum</strong></span> <span class='ocrx_word' id='word_1_38' title='bbox 1651 807 1782 868; x_wconf 88' lang='lat' dir='ltr'><strong>levi</strong></span> <span class='ocrx_word' id='word_1_39' title='bbox 1816 813 2175 869; x_wconf 88' lang='lat' dir='ltr'><strong>armatura.</strong></span> <span class='ocrx_word' id='word_1_40' title='bbox 2266 808 2391 886; x_wconf 87' lang='lat' dir='ltr'><strong>Qui</strong></span> <span class='ocrx_word' id='word_1_41' title='bbox 2426 825 2582 869; x_wconf 89' lang='lat' dir='ltr'><strong>cum</strong></span> 
     </span>
     <span class='ocr_line' id='line_1_7' title="bbox 421 902 2578 986; baseline 0.003 -23"><span class='ocrx_word' id='word_1_42' title='bbox 421 912 458 962; x_wconf 85' lang='lat'>2</span> <span class='ocrx_word' id='word_1_43' title='bbox 487 902 744 965; x_wconf 86' lang='lat' dir='ltr'><strong>fessum</strong></span> <span class='ocrx_word' id='word_1_44' title='bbox 781 923 1023 984; x_wconf 82' lang='lat' dir='ltr'>agmen</span> <span class='ocrx_word' id='word_1_45' title='bbox 1061 912 1405 984; x_wconf 86' lang='lat' dir='ltr'><strong>carperent</strong></span> <span class='ocrx_word' id='word_1_46' title='bbox 1443 906 1532 968; x_wconf 99' lang='lat' dir='ltr'><strong>ab</strong></span> <span class='ocrx_word' id='word_1_47' title='bbox 1571 907 1753 968; x_wconf 94' lang='lat' dir='ltr'><strong>omni</strong></span> <span class='ocrx_word' id='word_1_48' title='bbox 1793 914 1977 985; x_wconf 90' lang='lat' dir='ltr'><strong>parte</strong></span> <span class='ocrx_word' id='word_1_49' title='bbox 2014 908 2578 986; x_wconf 90' lang='lat' dir='ltr'><strong>incursarentque,</strong></span> 
     </span>
     <span class='ocr_line' id='line_1_8' title="bbox 488 1005 2580 1087; baseline 0.002 -23"><span class='ocrx_word' id='word_1_50' title='bbox 488 1011 553 1064; x_wconf 93' lang='lat' dir='ltr'><strong>et</strong></span> <span class='ocrx_word' id='word_1_51' title='bbox 608 1005 747 1066; x_wconf 96' lang='lat' dir='ltr'><strong>iam</strong></span> <span class='ocrx_word' id='word_1_52' title='bbox 799 1005 1042 1067; x_wconf 90' lang='lat' dir='ltr'><strong>omisso</strong></span> <span class='ocrx_word' id='word_1_53' title='bbox 1094 1005 1348 1083; x_wconf 90' lang='lat' dir='ltr'><strong>itinere,</strong></span> <span class='ocrx_word' id='word_1_54' title='bbox 1407 1007 1585 1084; x_wconf 91' lang='lat' dir='ltr'><strong>quod</strong></span> <span class='ocrx_word' id='word_1_55' title='bbox 1636 1006 1835 1087; x_wconf 86' lang='lat' dir='ltr'><strong>fugae</strong></span> <span class='ocrx_word' id='word_1_56' title='bbox 1886 1007 2097 1069; x_wconf 93' lang='lat' dir='ltr'><strong>simile</strong></span> <span class='ocrx_word' id='word_1_57' title='bbox 2149 1014 2310 1085; x_wconf 91' lang='lat' dir='ltr'><strong>erat,</strong></span> <span class='ocrx_word' id='word_1_58' title='bbox 2363 1015 2580 1070; x_wconf 88' lang='lat' dir='ltr'><strong>castra</strong></span> 
     </span>
     <span class='ocr_line' id='line_1_9' title="bbox 490 1104 2577 1186; baseline 0.002 -22"><span class='ocrx_word' id='word_1_59' title='bbox 490 1104 726 1166; x_wconf 91' lang='lat' dir='ltr'><strong>metari</strong></span> <span class='ocrx_word' id='word_1_60' title='bbox 776 1105 1036 1169; x_wconf 89' lang='lat' dir='ltr'><strong>Poenus</strong></span> <span class='ocrx_word' id='word_1_61' title='bbox 1083 1105 1153 1165; x_wconf 94' lang='lat' dir='ltr'><strong>in</strong></span> <span class='ocrx_word' id='word_1_62' title='bbox 1201 1108 1462 1168; x_wconf 93' lang='lat' dir='ltr'><strong>tumulo</strong></span> <span class='ocrx_word' id='word_1_63' title='bbox 1512 1123 1710 1186; x_wconf 93' lang='lat' dir='ltr'><strong>super</strong></span> <span class='ocrx_word' id='word_1_64' title='bbox 1757 1107 2047 1168; x_wconf 90' lang='lat' dir='ltr'><strong>fluminis</strong></span> <span class='ocrx_word' id='word_1_65' title='bbox 2095 1107 2313 1186; x_wconf 85' lang='lat' dir='ltr'><strong>ripam</strong></span> <span class='ocrx_word' id='word_1_66' title='bbox 2361 1109 2577 1184; x_wconf 88' lang='lat' dir='ltr'><strong>vellet,</strong></span> 
     </span>
     <span class='ocr_line' id='line_1_10' title="bbox 420 1204 2579 1286; baseline 0.002 -22"><span class='ocrx_word' id='word_1_67' title='bbox 420 1213 456 1264; x_wconf 87' lang='grc'><strong>3</strong></span> <span class='ocrx_word' id='word_1_68' title='bbox 489 1204 764 1265; x_wconf 89' lang='lat' dir='ltr'><strong>advenit</strong></span> <span class='ocrx_word' id='word_1_69' title='bbox 830 1205 1056 1266; x_wconf 89' lang='lat' dir='ltr'><strong>Livius</strong></span> <span class='ocrx_word' id='word_1_70' title='bbox 1124 1206 1425 1284; x_wconf 92' lang='lat' dir='ltr'><strong>peditum</strong></span> <span class='ocrx_word' id='word_1_71' title='bbox 1489 1205 1797 1268; x_wconf 90' lang='lat' dir='ltr'><strong>omnibus</strong></span> <span class='ocrx_word' id='word_1_72' title='bbox 1862 1207 2067 1286; x_wconf 88' lang='lat' dir='ltr'><strong>copiis</strong></span> <span class='ocrx_word' id='word_1_73' title='bbox 2131 1225 2267 1267; x_wconf 94' lang='lat' dir='ltr'><strong>non</strong></span> <span class='ocrx_word' id='word_1_74' title='bbox 2328 1207 2579 1268; x_wconf 91' lang='lat' dir='ltr'><strong>itineris</strong></span> 
     </span>
     <span class='ocr_line' id='line_1_11' title="bbox 488 1306 2581 1386; baseline 0.002 -22"><span class='ocrx_word' id='word_1_75' title='bbox 488 1306 714 1382; x_wconf 94' lang='lat' dir='ltr'><strong>modo,</strong></span> <span class='ocrx_word' id='word_1_76' title='bbox 749 1306 866 1366; x_wconf 93' lang='lat' dir='ltr'><strong>sed</strong></span> <span class='ocrx_word' id='word_1_77' title='bbox 897 1307 986 1367; x_wconf 91' lang='lat' dir='ltr'><strong>ad</strong></span> <span class='ocrx_word' id='word_1_78' title='bbox 1017 1308 1502 1368; x_wconf 90' lang='lat' dir='ltr'><strong>conserendum</strong></span> <span class='ocrx_word' id='word_1_79' title='bbox 1531 1309 1858 1386; x_wconf 86' lang='lat' dir='ltr'><strong>extemplo</strong></span> <span class='ocrx_word' id='word_1_80' title='bbox 1895 1307 2217 1386; x_wconf 89' lang='lat' dir='ltr'><strong>proelium</strong></span> <span class='ocrx_word' id='word_1_81' title='bbox 2244 1307 2581 1369; x_wconf 89' lang='lat' dir='ltr'><strong>instructis</strong></span> 
     </span>
     <span class='ocr_line' id='line_1_12' title="bbox 419 1404 2581 1483; baseline 0 -15"><span class='ocrx_word' id='word_1_82' title='bbox 419 1415 458 1468; x_wconf 75' lang='lat'><em>4</em></span> <span class='ocrx_word' id='word_1_83' title='bbox 487 1404 917 1483; x_wconf 86' lang='lat' dir='ltr'><strong>armatisque.</strong></span> <span class='ocrx_word' id='word_1_84' title='bbox 1009 1404 1134 1466; x_wconf 91' lang='lat' dir='ltr'><strong>Sed</strong></span> <span class='ocrx_word' id='word_1_85' title='bbox 1185 1404 1303 1466; x_wconf 92' lang='lat' dir='ltr'><strong>ubi</strong></span> <span class='ocrx_word' id='word_1_86' title='bbox 1354 1421 1585 1466; x_wconf 88' lang='lat' dir='ltr'><strong>omnes</strong></span> <span class='ocrx_word' id='word_1_87' title='bbox 1636 1406 1862 1483; x_wconf 90' lang='lat' dir='ltr'><strong>copias</strong></span> <span class='ocrx_word' id='word_1_88' title='bbox 1911 1407 2413 1483; x_wconf 84' lang='lat' dir='ltr'><strong>coniunxerunt,</strong></span> <span class='ocrx_word' id='word_1_89' title='bbox 2470 1409 2581 1468; x_wconf 94' lang='lat' dir='ltr'><strong>de-</strong></span> 
     </span>
     <span class='ocr_line' id='line_1_13' title="bbox 485 1505 2578 1584; baseline 0.001 -19"><span class='ocrx_word' id='word_1_90' title='bbox 485 1512 798 1584; x_wconf 88' lang='lat' dir='ltr'><strong>rectaque</strong></span> <span class='ocrx_word' id='word_1_91' title='bbox 841 1505 1015 1566; x_wconf 90' lang='lat' dir='ltr'><strong>acies</strong></span> <span class='ocrx_word' id='word_1_92' title='bbox 1057 1512 1176 1582; x_wconf 90' lang='lat' dir='ltr'><strong>est,</strong></span> <span class='ocrx_word' id='word_1_93' title='bbox 1220 1506 1536 1568; x_wconf 89' lang='lat' dir='ltr'><strong>Claudius</strong></span> <span class='ocrx_word' id='word_1_94' title='bbox 1581 1508 1806 1567; x_wconf 86' lang='lat' dir='ltr'><strong>dextro</strong></span> <span class='ocrx_word' id='word_1_95' title='bbox 1846 1506 1917 1566; x_wconf 91' lang='lat' dir='ltr'><strong>in</strong></span> <span class='ocrx_word' id='word_1_96' title='bbox 1957 1524 2183 1582; x_wconf 89' lang='lat' dir='ltr'><strong>comu,</strong></span> <span class='ocrx_word' id='word_1_97' title='bbox 2226 1507 2451 1568; x_wconf 88' lang='lat' dir='ltr'><strong>Livius</strong></span> <span class='ocrx_word' id='word_1_98' title='bbox 2491 1507 2578 1568; x_wconf 90' lang='lat' dir='ltr'><strong>ab</strong></span> 
     </span>
     <span class='ocr_line' id='line_1_14' title="bbox 486 1605 2579 1686; baseline 0.001 -20"><span class='ocrx_word' id='word_1_99' title='bbox 486 1605 751 1667; x_wconf 89' lang='lat' dir='ltr'><strong>sinistro</strong></span> <span class='ocrx_word' id='word_1_100' title='bbox 808 1622 1106 1684; x_wconf 89' lang='lat' dir='ltr'><strong>pugnam</strong></span> <span class='ocrx_word' id='word_1_101' title='bbox 1155 1606 1442 1683; x_wconf 87' lang='lat' dir='ltr'><strong>instruit,</strong></span> <span class='ocrx_word' id='word_1_102' title='bbox 1496 1605 1718 1669; x_wconf 91' lang='lat' dir='ltr'><strong>media</strong></span> <span class='ocrx_word' id='word_1_103' title='bbox 1768 1606 1941 1667; x_wconf 89' lang='lat' dir='ltr'><strong>acies</strong></span> <span class='ocrx_word' id='word_1_104' title='bbox 1997 1607 2279 1686; x_wconf 92' lang='lat' dir='ltr'><strong>praetori</strong></span> <span class='ocrx_word' id='word_1_105' title='bbox 2329 1609 2579 1668; x_wconf 92' lang='lat' dir='ltr'><strong>tuenda</strong></span> 
     </span>
     <span class='ocr_line' id='line_1_15' title="bbox 418 1706 2581 1785; baseline 0.001 -19"><span class='ocrx_word' id='word_1_106' title='bbox 418 1714 453 1766; x_wconf 83' lang='lat'><strong>5</strong></span> <span class='ocrx_word' id='word_1_107' title='bbox 491 1707 666 1768; x_wconf 86' lang='lat' dir='ltr'><strong>data.</strong></span> <span class='ocrx_word' id='word_1_108' title='bbox 759 1706 1143 1769; x_wconf 88' lang='lat' dir='ltr'><strong>Hasdrubal</strong></span> <span class='ocrx_word' id='word_1_109' title='bbox 1213 1707 1458 1769; x_wconf 91' lang='lat' dir='ltr'><strong>omissa</strong></span> <span class='ocrx_word' id='word_1_110' title='bbox 1527 1706 1894 1767; x_wconf 93' lang='lat' dir='ltr'><strong>munitione</strong></span> <span class='ocrx_word' id='word_1_111' title='bbox 1964 1713 2333 1768; x_wconf 88' lang='lat' dir='ltr'><strong>castrorum</strong></span> <span class='ocrx_word' id='word_1_112' title='bbox 2403 1714 2581 1785; x_wconf 93' lang='lat' dir='ltr'><strong>post-</strong></span> 
     </span>
     <span class='ocr_line' id='line_1_16' title="bbox 491 1805 2581 1886; baseline 0.001 -20"><span class='ocrx_word' id='word_1_113' title='bbox 491 1822 695 1884; x_wconf 90' lang='lat' dir='ltr'><strong>quam</strong></span> <span class='ocrx_word' id='word_1_114' title='bbox 741 1805 1182 1885; x_wconf 88' lang='lat' dir='ltr'><strong>pugnandum</strong></span> <span class='ocrx_word' id='word_1_115' title='bbox 1227 1807 1415 1884; x_wconf 88' lang='lat' dir='ltr'><strong>vidit,</strong></span> <span class='ocrx_word' id='word_1_116' title='bbox 1461 1807 1532 1866; x_wconf 93' lang='lat' dir='ltr'><strong>in</strong></span> <span class='ocrx_word' id='word_1_117' title='bbox 1580 1807 1793 1885; x_wconf 90' lang='lat' dir='ltr'><strong>prima</strong></span> <span class='ocrx_word' id='word_1_118' title='bbox 1837 1806 1975 1868; x_wconf 91' lang='lat' dir='ltr'><strong>acie</strong></span> <span class='ocrx_word' id='word_1_119' title='bbox 2021 1814 2175 1868; x_wconf 90' lang='lat' dir='ltr'><strong>ante</strong></span> <span class='ocrx_word' id='word_1_120' title='bbox 2221 1806 2409 1886; x_wconf 88' lang='lat' dir='ltr'><strong>signa</strong></span> <span class='ocrx_word' id='word_1_121' title='bbox 2451 1810 2581 1869; x_wconf 92' lang='lat' dir='ltr'><strong>ele-</strong></span> 
     </span>
     <span class='ocr_line' id='line_1_17' title="bbox 490 1907 2581 1985; baseline 0.001 -19"><span class='ocrx_word' id='word_1_122' title='bbox 490 1907 773 1985; x_wconf 88' lang='lat' dir='ltr'><strong>phantos</strong></span> <span class='ocrx_word' id='word_1_123' title='bbox 815 1909 1012 1984; x_wconf 88' lang='lat' dir='ltr'><strong>locat,</strong></span> <span class='ocrx_word' id='word_1_124' title='bbox 1059 1907 1232 1969; x_wconf 88' lang='lat' dir='ltr'><strong>circa</strong></span> <span class='ocrx_word' id='word_1_125' title='bbox 1274 1925 1386 1969; x_wconf 88' lang='lat' dir='ltr'><strong>eos</strong></span> <span class='ocrx_word' id='word_1_126' title='bbox 1427 1909 1620 1968; x_wconf 88' lang='lat' dir='ltr'><strong>laevo</strong></span> <span class='ocrx_word' id='word_1_127' title='bbox 1662 1907 1732 1967; x_wconf 97' lang='lat' dir='ltr'><strong>in</strong></span> <span class='ocrx_word' id='word_1_128' title='bbox 1775 1924 1980 1968; x_wconf 91' lang='lat' dir='ltr'><strong>cornu</strong></span> <span class='ocrx_word' id='word_1_129' title='bbox 2023 1908 2344 1969; x_wconf 88' lang='lat' dir='ltr'><strong>adversus</strong></span> <span class='ocrx_word' id='word_1_130' title='bbox 2386 1908 2581 1968; x_wconf 92' lang='lat' dir='ltr'><strong>Clau-</strong></span> 
     </span>
     <span class='ocr_line' id='line_1_18' title="bbox 490 2006 2581 2086; baseline 0.001 -20"><span class='ocrx_word' id='word_1_131' title='bbox 490 2006 676 2066; x_wconf 92' lang='lat' dir='ltr'><strong>dium</strong></span> <span class='ocrx_word' id='word_1_132' title='bbox 717 2007 938 2068; x_wconf 90' lang='lat' dir='ltr'><strong>Gallos</strong></span> <span class='ocrx_word' id='word_1_133' title='bbox 981 2007 1281 2086; x_wconf 91' lang='lat' dir='ltr'><strong>opponit,</strong></span> <span class='ocrx_word' id='word_1_134' title='bbox 1324 2008 1509 2069; x_wconf 93' lang='lat' dir='ltr'><strong>haud</strong></span> <span class='ocrx_word' id='word_1_135' title='bbox 1549 2014 1813 2068; x_wconf 90' lang='lat' dir='ltr'><strong>tantum</strong></span> <span class='ocrx_word' id='word_1_136' title='bbox 1853 2007 1932 2068; x_wconf 93' lang='lat' dir='ltr'><strong>iis</strong></span> <span class='ocrx_word' id='word_1_137' title='bbox 1972 2008 2206 2084; x_wconf 87' lang='lat' dir='ltr'><strong>fidens,</strong></span> <span class='ocrx_word' id='word_1_138' title='bbox 2254 2014 2581 2086; x_wconf 89' lang='lat' dir='ltr'><strong>quantum</strong></span> 
     </span>
     <span class='ocr_line' id='line_1_19' title="bbox 417 2106 2579 2186; baseline 0.002 -23"><span class='ocrx_word' id='word_1_139' title='bbox 417 2110 453 2162; x_wconf 82' lang='lat'>6</span> <span class='ocrx_word' id='word_1_140' title='bbox 485 2106 573 2167; x_wconf 99' lang='lat' dir='ltr'><strong>ab</strong></span> <span class='ocrx_word' id='word_1_141' title='bbox 620 2107 807 2168; x_wconf 93' lang='lat' dir='ltr'><strong>hoste</strong></span> <span class='ocrx_word' id='word_1_142' title='bbox 857 2107 1074 2168; x_wconf 92' lang='lat' dir='ltr'><strong>timeri</strong></span> <span class='ocrx_word' id='word_1_143' title='bbox 1123 2126 1233 2168; x_wconf 94' lang='lat' dir='ltr'><strong>eos</strong></span> <span class='ocrx_word' id='word_1_144' title='bbox 1281 2108 1621 2184; x_wconf 83' lang='lat' dir='ltr'><strong>credebat3</strong></span> <span class='ocrx_word' id='word_1_145' title='bbox 1667 2107 1806 2186; x_wconf 91' lang='lat' dir='ltr'><strong>ipse</strong></span> <span class='ocrx_word' id='word_1_146' title='bbox 1859 2108 2161 2168; x_wconf 85' lang='lat' dir='ltr'><strong>dextrum</strong></span> <span class='ocrx_word' id='word_1_147' title='bbox 2208 2125 2413 2168; x_wconf 89' lang='lat' dir='ltr'><strong>eomu</strong></span> <span class='ocrx_word' id='word_1_148' title='bbox 2459 2108 2579 2168; x_wconf 90' lang='lat' dir='ltr'><strong>ad-</strong></span> 
     </span>
     <span class='ocr_line' id='line_1_20' title="bbox 484 2207 2577 2286; baseline 0.001 -20"><span class='ocrx_word' id='word_1_149' title='bbox 484 2223 714 2267; x_wconf 89' lang='lat' dir='ltr'><strong>versus</strong></span> <span class='ocrx_word' id='word_1_150' title='bbox 755 2207 844 2268; x_wconf 88' lang='lat' dir='ltr'><strong>M.</strong></span> <span class='ocrx_word' id='word_1_151' title='bbox 890 2207 1156 2268; x_wconf 89' lang='lat' dir='ltr'><strong>Livium</strong></span> <span class='ocrx_word' id='word_1_152' title='bbox 1195 2207 1321 2268; x_wconf 91' lang='lat' dir='ltr'><strong>sibi</strong></span> <span class='ocrx_word' id='word_1_153' title='bbox 1363 2214 1563 2286; x_wconf 91' lang='lat' dir='ltr'><strong>atque</strong></span> <span class='ocrx_word' id='word_1_154' title='bbox 1605 2207 1919 2286; x_wconf 90' lang='lat' dir='ltr'><strong>Hispanis</strong></span> <span class='ocrx_word' id='word_1_155' title='bbox 1950 2243 2029 2248; x_wconf 97' lang='lat'><strong>—</strong></span> <span class='ocrx_word' id='word_1_156' title='bbox 2055 2213 2118 2268; x_wconf 90' lang='lat' dir='ltr'><strong>et</strong></span> <span class='ocrx_word' id='word_1_157' title='bbox 2157 2207 2250 2268; x_wconf 92' lang='lat' dir='ltr'><strong>ibi</strong></span> <span class='ocrx_word' id='word_1_158' title='bbox 2290 2208 2577 2269; x_wconf 87' lang='lat' dir='ltr'><strong>maxime</strong></span> 
     </span>
     <span class='ocr_line' id='line_1_21' title="bbox 480 2305 2577 2386; baseline 0 -21"><span class='ocrx_word' id='word_1_159' title='bbox 480 2305 552 2366; x_wconf 91' lang='lat' dir='ltr'><strong>in</strong></span> <span class='ocrx_word' id='word_1_160' title='bbox 609 2313 827 2367; x_wconf 89' lang='lat' dir='ltr'><strong>vetere</strong></span> <span class='ocrx_word' id='word_1_161' title='bbox 884 2307 1091 2368; x_wconf 93' lang='lat' dir='ltr'><strong>milite</strong></span> <span class='ocrx_word' id='word_1_162' title='bbox 1149 2325 1338 2385; x_wconf 90' lang='lat' dir='ltr'><strong>spem</strong></span> <span class='ocrx_word' id='word_1_163' title='bbox 1391 2308 1684 2368; x_wconf 89' lang='lat' dir='ltr'><strong>habebat</strong></span> <span class='ocrx_word' id='word_1_164' title='bbox 1714 2343 1795 2349; x_wconf 85' lang='lat'>—</span> <span class='ocrx_word' id='word_1_165' title='bbox 1820 2307 2130 2385; x_wconf 82' lang='lat' dir='ltr'><strong>sumpsit3</strong></span> <span class='ocrx_word' id='word_1_166' title='bbox 2185 2306 2453 2386; x_wconf 87' lang='lat' dir='ltr'><strong>Ligures</strong></span> <span class='ocrx_word' id='word_1_167' title='bbox 2506 2307 2577 2367; x_wconf 95' lang='lat' dir='ltr'><strong>in</strong></span> 
     </span>
     <span class='ocr_line' id='line_1_22' title="bbox 415 2403 2578 2486; baseline 0.001 -21"><span class='ocrx_word' id='word_1_168' title='bbox 415 2403 451 2456; x_wconf 86' lang='grc'><strong>7</strong></span> <span class='ocrx_word' id='word_1_169' title='bbox 483 2406 702 2467; x_wconf 92' lang='lat' dir='ltr'><strong>medio</strong></span> <span class='ocrx_word' id='word_1_170' title='bbox 746 2412 893 2484; x_wconf 91' lang='lat' dir='ltr'><strong>post</strong></span> <span class='ocrx_word' id='word_1_171' title='bbox 937 2409 1326 2485; x_wconf 90' lang='lat' dir='ltr'><strong>elephantos</strong></span> <span class='ocrx_word' id='word_1_172' title='bbox 1369 2408 1584 2485; x_wconf 90' lang='lat' dir='ltr'><strong>positi.</strong></span> <span class='ocrx_word' id='word_1_173' title='bbox 1675 2407 1800 2469; x_wconf 92' lang='lat' dir='ltr'><strong>Sed</strong></span> <span class='ocrx_word' id='word_1_174' title='bbox 1840 2407 2098 2486; x_wconf 90' lang='lat' dir='ltr'><strong>longior</strong></span> <span class='ocrx_word' id='word_1_175' title='bbox 2142 2424 2344 2485; x_wconf 93' lang='lat' dir='ltr'><strong>quam</strong></span> <span class='ocrx_word' id='word_1_176' title='bbox 2382 2408 2578 2468; x_wconf 92' lang='lat' dir='ltr'><strong>latior</strong></span> 
     </span>
     <span class='ocr_line' id='line_1_23' title="bbox 482 2506 2575 2586; baseline 0 -18"><span class='ocrx_word' id='word_1_177' title='bbox 482 2506 656 2568; x_wconf 88' lang='lat' dir='ltr'><strong>acies</strong></span> <span class='ocrx_word' id='word_1_178' title='bbox 705 2514 873 2583; x_wconf 82' lang='lat' dir='ltr'><strong>erat3</strong></span> <span class='ocrx_word' id='word_1_179' title='bbox 924 2508 1144 2568; x_wconf 91' lang='lat' dir='ltr'><strong>Gallos</strong></span> <span class='ocrx_word' id='word_1_180' title='bbox 1196 2508 1576 2586; x_wconf 91' lang='lat' dir='ltr'><strong>prominens</strong></span> <span class='ocrx_word' id='word_1_181' title='bbox 1624 2507 1805 2568; x_wconf 91' lang='lat' dir='ltr'><strong>collis</strong></span> <span class='ocrx_word' id='word_1_182' title='bbox 1852 2508 2134 2586; x_wconf 90' lang='lat' dir='ltr'><strong>tegebat.</strong></span> <span class='ocrx_word' id='word_1_183' title='bbox 2225 2508 2323 2568; x_wconf 90' lang='lat' dir='ltr'><strong>Ea</strong></span> <span class='ocrx_word' id='word_1_184' title='bbox 2367 2507 2575 2581; x_wconf 84' lang='lat' dir='ltr'><strong>fronS,</strong></span> 
     </span>
     <span class='ocr_line' id='line_1_24' title="bbox 414 2594 2577 2685; baseline 0.001 -20"><span class='ocrx_word' id='word_1_185' title='bbox 414 2607 451 2659; x_wconf 89' lang='grc'><strong>8</strong></span> <span class='ocrx_word' id='word_1_186' title='bbox 489 2623 692 2684; x_wconf 92' lang='lat' dir='ltr'><strong>quam</strong></span> <span class='ocrx_word' id='word_1_187' title='bbox 767 2606 1051 2685; x_wconf 90' lang='lat' dir='ltr'><strong>Hispani</strong></span> <span class='ocrx_word' id='word_1_188' title='bbox 1129 2594 1467 2685; x_wconf 73' lang='lat' dir='ltr'><strong>t’enebant,</strong></span> <span class='ocrx_word' id='word_1_189' title='bbox 1549 2625 1703 2669; x_wconf 89' lang='lat' dir='ltr'><strong>cum</strong></span> <span class='ocrx_word' id='word_1_190' title='bbox 1779 2608 2040 2670; x_wconf 90' lang='lat' dir='ltr'><strong>sinistro</strong></span> <span class='ocrx_word' id='word_1_191' title='bbox 2118 2609 2577 2669; x_wconf 90' lang='lat' dir='ltr'><strong>Romanorum</strong></span> 
     </span>
     <span class='ocr_line' id='line_1_25' title="bbox 484 2707 2577 2787; baseline 0 -21"><span class='ocrx_word' id='word_1_192' title='bbox 484 2724 690 2768; x_wconf 86' lang='lat' dir='ltr'><strong>cornu</strong></span> <span class='ocrx_word' id='word_1_193' title='bbox 759 2708 1119 2786; x_wconf 90' lang='lat' dir='ltr'><strong>concurrit;</strong></span> <span class='ocrx_word' id='word_1_194' title='bbox 1190 2710 1416 2770; x_wconf 84' lang='lat' dir='ltr'><strong>dextra</strong></span> <span class='ocrx_word' id='word_1_195' title='bbox 1482 2710 1698 2771; x_wconf 92' lang='lat' dir='ltr'><strong>omnis</strong></span> <span class='ocrx_word' id='word_1_196' title='bbox 1764 2710 1937 2771; x_wconf 88' lang='lat' dir='ltr'><strong>acies</strong></span> <span class='ocrx_word' id='word_1_197' title='bbox 2003 2715 2185 2771; x_wconf 85' lang='lat' dir='ltr'><strong>extra</strong></span> <span class='ocrx_word' id='word_1_198' title='bbox 2254 2707 2577 2787; x_wconf 91' lang='lat' dir='ltr'><strong>proelium</strong></span> 
     </span>
     <span class='ocr_line' id='line_1_26' title="bbox 484 2806 2575 2889; baseline 0.001 -22"><span class='ocrx_word' id='word_1_199' title='bbox 484 2806 778 2868; x_wconf 91' lang='lat' dir='ltr'><strong>eminens</strong></span> <span class='ocrx_word' id='word_1_200' title='bbox 841 2809 1171 2886; x_wconf 81' lang='lat' dir='ltr'><strong>cessabat3</strong></span> <span class='ocrx_word' id='word_1_201' title='bbox 1230 2809 1412 2871; x_wconf 91' lang='lat' dir='ltr'><strong>collis</strong></span> <span class='ocrx_word' id='word_1_202' title='bbox 1470 2810 1814 2889; x_wconf 90' lang='lat' dir='ltr'><strong>oppositus</strong></span> <span class='ocrx_word' id='word_1_203' title='bbox 1872 2810 2161 2886; x_wconf 90' lang='lat' dir='ltr'><strong>arcebat,</strong></span> <span class='ocrx_word' id='word_1_204' title='bbox 2219 2827 2301 2870; x_wconf 95' lang='lat' dir='ltr'><strong>ne</strong></span> <span class='ocrx_word' id='word_1_205' title='bbox 2360 2815 2476 2869; x_wconf 92' lang='lat' dir='ltr'><strong>aut</strong></span> <span class='ocrx_word' id='word_1_206' title='bbox 2533 2826 2575 2869; x_wconf 89' lang='lat' dir='ltr'><strong>a</strong></span> 
     </span>
     <span class='ocr_line' id='line_1_27' title="bbox 480 2907 2578 2990; baseline 0.001 -23"><span class='ocrx_word' id='word_1_207' title='bbox 480 2907 696 2968; x_wconf 86' lang='lat' dir='ltr'><strong>fronte</strong></span> <span class='ocrx_word' id='word_1_208' title='bbox 739 2915 855 2969; x_wconf 91' lang='lat' dir='ltr'><strong>aut</strong></span> <span class='ocrx_word' id='word_1_209' title='bbox 894 2909 983 2970; x_wconf 99' lang='lat' dir='ltr'><strong>ab</strong></span> <span class='ocrx_word' id='word_1_210' title='bbox 1021 2912 1223 2972; x_wconf 89' lang='lat' dir='ltr'><strong>latere</strong></span> <span class='ocrx_word' id='word_1_211' title='bbox 1263 2912 1798 2990; x_wconf 89' lang='lat' dir='ltr'><strong>adgrederentur.</strong></span> <span class='ocrx_word' id='word_1_212' title='bbox 1888 2913 2068 2971; x_wconf 92' lang='lat' dir='ltr'><strong>Inter</strong></span> <span class='ocrx_word' id='word_1_213' title='bbox 2105 2909 2369 2970; x_wconf 90' lang='lat' dir='ltr'><strong>Livium</strong></span> <span class='ocrx_word' id='word_1_214' title='bbox 2404 2909 2578 2969; x_wconf 89' lang='lat' dir='ltr'><strong>Has-</strong></span> 
     </span>
     <span class='ocr_line' id='line_1_28' title="bbox 413 3008 2575 3091; baseline 0.001 -26"><span class='ocrx_word' id='word_1_215' title='bbox 413 3014 450 3064; x_wconf 81' lang='lat'>9</span> <span class='ocrx_word' id='word_1_216' title='bbox 487 3008 966 3089; x_wconf 88' lang='lat' dir='ltr'><strong>drubalemque</strong></span> <span class='ocrx_word' id='word_1_217' title='bbox 1029 3012 1260 3091; x_wconf 90' lang='lat' dir='ltr'><strong>ingens</strong></span> <span class='ocrx_word' id='word_1_218' title='bbox 1314 3019 1729 3074; x_wconf 88' lang='lat' dir='ltr'><strong>contractum</strong></span> <span class='ocrx_word' id='word_1_219' title='bbox 1771 3019 2102 3073; x_wconf 88' lang='lat' dir='ltr'><strong>certamen</strong></span> <span class='ocrx_word' id='word_1_220' title='bbox 2155 3016 2315 3085; x_wconf 91' lang='lat' dir='ltr'><strong>erat,</strong></span> <span class='ocrx_word' id='word_1_221' title='bbox 2352 3015 2575 3069; x_wconf 87' lang='lat' dir='ltr'><strong>atrox-</strong></span> 
     </span>
     <span class='ocr_line' id='line_1_29' title="bbox 379 3108 2574 3193; baseline -0.001 -24"><span class='ocrx_word' id='word_1_222' title='bbox 379 3111 450 3162; x_wconf 85' lang='lat'><strong>10</strong></span> <span class='ocrx_word' id='word_1_223' title='bbox 488 3126 611 3187; x_wconf 92' lang='lat' dir='ltr'><strong>que</strong></span> <span class='ocrx_word' id='word_1_224' title='bbox 677 3111 909 3173; x_wconf 91' lang='lat' dir='ltr'><strong>caedes</strong></span> <span class='ocrx_word' id='word_1_225' title='bbox 964 3114 1297 3193; x_wconf 89' lang='lat' dir='ltr'><strong>utrimque</strong></span> <span class='ocrx_word' id='word_1_226' title='bbox 1358 3113 1699 3175; x_wconf 90' lang='lat' dir='ltr'><strong>edebatur.</strong></span> <span class='ocrx_word' id='word_1_227' title='bbox 1817 3112 1916 3173; x_wconf 93' lang='lat' dir='ltr'><strong>Ibi</strong></span> <span class='ocrx_word' id='word_1_228' title='bbox 1968 3112 2165 3172; x_wconf 89' lang='lat' dir='ltr'><strong>duces</strong></span> <span class='ocrx_word' id='word_1_229' title='bbox 2216 3108 2436 3185; x_wconf 91' lang='lat' dir='ltr'><strong>ambo,</strong></span> <span class='ocrx_word' id='word_1_230' title='bbox 2480 3108 2574 3168; x_wconf 89' lang='lat' dir='ltr'><strong>ibi</strong></span> 
     </span>
     <span class='ocr_line' id='line_1_30' title="bbox 487 3207 2575 3292; baseline -0 -22"><span class='ocrx_word' id='word_1_231' title='bbox 487 3227 637 3287; x_wconf 86' lang='lat' dir='ltr'><strong>pars</strong></span> <span class='ocrx_word' id='word_1_232' title='bbox 692 3211 904 3272; x_wconf 86' lang='lat' dir='ltr'><strong>maior</strong></span> <span class='ocrx_word' id='word_1_233' title='bbox 960 3213 1257 3291; x_wconf 91' lang='lat' dir='ltr'><strong>peditum</strong></span> <span class='ocrx_word' id='word_1_234' title='bbox 1297 3213 1729 3292; x_wconf 89' lang='lat' dir='ltr'><strong>equitumque</strong></span> <span class='ocrx_word' id='word_1_235' title='bbox 1767 3213 2247 3287; x_wconf 89' lang='lat' dir='ltr'><strong>Romanorum,</strong></span> <span class='ocrx_word' id='word_1_236' title='bbox 2277 3207 2371 3268; x_wconf 90' lang='lat' dir='ltr'><strong>ibi</strong></span> <span class='ocrx_word' id='word_1_237' title='bbox 2422 3207 2575 3269; x_wconf 89' lang='lat' dir='ltr'><strong>His-</strong></span> 
     </span>
     <span class='ocr_line' id='line_1_31' title="bbox 487 3312 2573 3392; baseline -0 -22"><span class='ocrx_word' id='word_1_238' title='bbox 487 3312 663 3388; x_wconf 90' lang='lat' dir='ltr'><strong>pani,</strong></span> <span class='ocrx_word' id='word_1_239' title='bbox 747 3320 934 3374; x_wconf 89' lang='lat' dir='ltr'><strong>vetus</strong></span> <span class='ocrx_word' id='word_1_240' title='bbox 1010 3315 1197 3376; x_wconf 91' lang='lat' dir='ltr'><strong>miles</strong></span> <span class='ocrx_word' id='word_1_241' title='bbox 1276 3314 1653 3392; x_wconf 91' lang='lat' dir='ltr'><strong>peritusque</strong></span> <span class='ocrx_word' id='word_1_242' title='bbox 1730 3314 2071 3373; x_wconf 90' lang='lat' dir='ltr'><strong>Romanae</strong></span> <span class='ocrx_word' id='word_1_243' title='bbox 2152 3327 2431 3388; x_wconf 88' lang='lat' dir='ltr'><strong>pugnae,</strong></span> <span class='ocrx_word' id='word_1_244' title='bbox 2509 3315 2573 3369; x_wconf 95' lang='lat' dir='ltr'><strong>et</strong></span> 
     </span>
    </p>
   </div>
   <div class='ocr_carea' id='block_1_3' title="bbox 482 3488 2573 3877">
    <p class='ocr_par' dir='ltr' id='par_1_3' title="bbox 482 3488 2573 3745">
     <span class='ocr_line' id='line_1_32' title="bbox 484 3488 2573 3544; baseline -0.003 -11"><span class='ocrx_word' id='word_1_245' title='bbox 484 3493 845 3544; x_wconf 81' lang='lat' dir='ltr'><strong>comparative,</strong></span> <span class='ocrx_word' id='word_1_246' title='bbox 864 3495 1162 3536; x_wconf 76' lang='lat' dir='ltr'><strong>correlative</strong></span> <span class='ocrx_word' id='word_1_247' title='bbox 1188 3494 1315 3534; x_wconf 77' lang='lat' dir='ltr'><strong>with</strong></span> <span class='ocrx_word' id='word_1_248' title='bbox 1343 3493 1479 3533; x_wconf 77' lang='lat' dir='ltr'><strong>canto</strong></span> <span class='ocrx_word' id='word_1_249' title='bbox 1577 3497 1836 3544; x_wconf 82' lang='lat' dir='ltr'><strong>represent</strong></span> <span class='ocrx_word' id='word_1_250' title='bbox 1892 3493 1977 3532; x_wconf 88' lang='lat' dir='ltr'><strong>the</strong></span> <span class='ocrx_word' id='word_1_251' title='bbox 2030 3488 2328 3538; x_wconf 74' lang='lat' dir='ltr'><strong>wealtening</strong></span> <span class='ocrx_word' id='word_1_252' title='bbox 2380 3488 2435 3528; x_wconf 81' lang='lat' dir='ltr'><strong>ot</strong></span> <span class='ocrx_word' id='word_1_253' title='bbox 2484 3489 2573 3528; x_wconf 77' lang='lat' dir='ltr'><strong>the</strong></span> 
     </span>
     <span class='ocr_line' id='line_1_33' title="bbox 482 3557 2325 3612; baseline -0.002 -14"><span class='ocrx_word' id='word_1_254' title='bbox 482 3559 744 3600; x_wconf 65' lang='lat' dir='ltr'><strong>alcior-ibus.</strong></span> <span class='ocrx_word' id='word_1_255' title='bbox 800 3562 1060 3612; x_wconf 80' lang='lat' dir='ltr'><strong>Compare.</strong></span> <span class='ocrx_word' id='word_1_256' title='bbox 1089 3564 1331 3606; x_wconf 78' lang='lat' dir='ltr'><strong>however,</strong></span> <span class='ocrx_word' id='word_1_257' title='bbox 1354 3561 1482 3610; x_wconf 77' lang='lat' dir='ltr'><strong>qnid·</strong></span> <span class='ocrx_word' id='word_1_258' title='bbox 1576 3570 1755 3611; x_wconf 88' lang='lat' dir='ltr'><strong>enemy</strong></span> <span class='ocrx_word' id='word_1_259' title='bbox 1774 3563 1839 3609; x_wconf 75' lang='lat' dir='ltr'><strong>by</strong></span> <span class='ocrx_word' id='word_1_260' title='bbox 1857 3559 2087 3609; x_wconf 78' lang='lat' dir='ltr'><strong>repeated</strong></span> <span class='ocrx_word' id='word_1_261' title='bbox 2112 3557 2325 3599; x_wconf 74' lang='lat' dir='ltr'><strong>attacks.</strong></span> 
     </span>
     <span class='ocr_line' id='line_1_34' title="bbox 483 3619 2573 3676; baseline 0.002 -10"><span class='ocrx_word' id='word_1_262' title='bbox 483 3628 612 3676; x_wconf 71' lang='lat' dir='ltr'><strong>qaid,</strong></span> <span class='ocrx_word' id='word_1_263' title='bbox 631 3629 695 3668; x_wconf 88' lang='lat'><strong>21.</strong></span> <span class='ocrx_word' id='word_1_264' title='bbox 715 3628 829 3668; x_wconf 59' lang='lat'><strong>548.</strong></span> <span class='ocrx_word' id='word_1_265' title='bbox 871 3627 1017 3672; x_wconf 79' lang='lat' dir='ltr'><strong>diem</strong></span> <span class='ocrx_word' id='word_1_266' title='bbox 1035 3627 1283 3672; x_wconf 84' lang='lat' dir='ltr'><strong>terendo:</strong></span> <span class='ocrx_word' id='word_1_267' title='bbox 1305 3631 1481 3668; x_wconf 77' lang='lat' dir='ltr'><strong>“wast-</strong></span> <span class='ocrx_word' id='word_1_268' title='bbox 1628 3628 1674 3670; x_wconf 82' lang='grc'><strong>3.</strong></span> <span class='ocrx_word' id='word_1_269' title='bbox 1730 3626 1959 3671; x_wconf 77' lang='lat' dir='ltr'><strong>itineris</strong></span> <span class='ocrx_word' id='word_1_270' title='bbox 2001 3624 2180 3668; x_wconf 86' lang='lat' dir='ltr'><strong>modo:</strong></span> <span class='ocrx_word' id='word_1_271' title='bbox 2207 3622 2316 3662; x_wconf 82' lang='lat' dir='ltr'><strong>:ad</strong></span> <span class='ocrx_word' id='word_1_272' title='bbox 2340 3619 2573 3670; x_wconf 72' lang='lat' dir='ltr'><strong>iterfaci-</strong></span> 
     </span>
     <span class='ocr_line' id='line_1_35' title="bbox 483 3689 2267 3745; baseline -0.003 -12"><span class='ocrx_word' id='word_1_273' title='bbox 483 3693 572 3745; x_wconf 82' lang='lat' dir='ltr'><strong>1ng</strong></span> <span class='ocrx_word' id='word_1_274' title='bbox 591 3696 675 3734; x_wconf 74' lang='lat' dir='ltr'><strong>the</strong></span> <span class='ocrx_word' id='word_1_275' title='bbox 695 3695 845 3745; x_wconf 82' lang='lat' dir='ltr'><strong>day.”</strong></span> <span class='ocrx_word' id='word_1_276' title='bbox 1576 3693 1742 3733; x_wconf 74' lang='lat' dir='ltr'><strong>endum</strong></span> <span class='ocrx_word' id='word_1_277' title='bbox 1757 3693 1989 3743; x_wconf 81' lang='lat' dir='ltr'><strong>qualifles</strong></span> <span class='ocrx_word' id='word_1_278' title='bbox 2006 3689 2267 3731; x_wconf 71' lang='lat' dir='ltr'><strong>instructis.</strong></span> 
     </span>
    </p>

    <p class='ocr_par' dir='ltr' id='par_1_4' title="bbox 485 3755 2567 3877">
     <span class='ocr_line' id='line_1_36' title="bbox 533 3755 2567 3812; baseline -0.002 -12"><span class='ocrx_word' id='word_1_279' title='bbox 533 3761 763 3801; x_wconf 78' lang='lat' dir='ltr'><strong>XLVHI.</strong></span> <span class='ocrx_word' id='word_1_280' title='bbox 836 3761 883 3804; x_wconf 81' lang='lat'><strong>2.</strong></span> <span class='ocrx_word' id='word_1_281' title='bbox 963 3759 1281 3811; x_wconf 77' lang='lat' dir='ltr'><strong>carperent:</strong></span> <span class='ocrx_word' id='word_1_282' title='bbox 1355 3761 1478 3800; x_wconf 87' lang='lat' dir='ltr'><strong>both</strong></span> <span class='ocrx_word' id='word_1_283' title='bbox 1628 3763 1672 3803; x_wconf 84' lang='grc'><strong>7.</strong></span> <span class='ocrx_word' id='word_1_284' title='bbox 1728 3759 1947 3812; x_wconf 80' lang='lat' dir='ltr'><strong>longior</strong></span> <span class='ocrx_word' id='word_1_285' title='bbox 1977 3766 2141 3810; x_wconf 83' lang='lat' dir='ltr'><strong>quam</strong></span> <span class='ocrx_word' id='word_1_286' title='bbox 2169 3755 2363 3801; x_wconf 77' lang='lat' dir='ltr'><strong>latior:</strong></span> <span class='ocrx_word' id='word_1_287' title='bbox 2396 3763 2477 3796; x_wconf 88' lang='lat' dir='ltr'><strong>see</strong></span> <span class='ocrx_word' id='word_1_288' title='bbox 2504 3757 2567 3796; x_wconf 80' lang='lat'><strong>22.</strong></span> 
     </span>
     <span class='ocr_line' id='line_1_37' title="bbox 485 3825 1695 3877; baseline 0 -11"><span class='ocrx_word' id='word_1_289' title='bbox 485 3825 615 3877; x_wconf 81' lang='lat' dir='ltr'><strong>Livy</strong></span> <span class='ocrx_word' id='word_1_290' title='bbox 650 3827 748 3866; x_wconf 85' lang='lat' dir='ltr'><strong>and</strong></span> <span class='ocrx_word' id='word_1_291' title='bbox 784 3827 968 3868; x_wconf 82' lang='lat' dir='ltr'><strong>Caesar</strong></span> <span class='ocrx_word' id='word_1_292' title='bbox 1003 3837 1091 3868; x_wconf 89' lang='lat' dir='ltr'><strong>use</strong></span> <span class='ocrx_word' id='word_1_293' title='bbox 1127 3829 1232 3867; x_wconf 75' lang='lat' dir='ltr'><strong>this</strong></span> <span class='ocrx_word' id='word_1_294' title='bbox 1268 3828 1388 3867; x_wconf 83' lang='lat' dir='ltr'><strong>verb</strong></span> <span class='ocrx_word' id='word_1_295' title='bbox 1425 3830 1478 3867; x_wconf 79' lang='lat' dir='ltr'><strong>to</strong></span> <span class='ocrx_word' id='word_1_296' title='bbox 1574 3829 1634 3867; x_wconf 74' lang='lat'><strong>24.</strong></span> <span class='ocrx_word' id='word_1_297' title='bbox 1658 3827 1695 3866; x_wconf 84' lang='lat'><strong>3.</strong></span> 
     </span>
    </p>
   </div>
  </div>
 </body>
</html>
