2967 4384
1045 697 1424 818 ΤΙΤΙ
1542 695 1935 816 LIVI

893 937 1034 1006 AB
1129 935 1445 1006 URBE
1542 935 2063 1004 CONDITA

1215 1179 1478 1240 LIBER
1523 1178 1715 1240 XXII

605 1314 660 1378 1.
707 1313 856 1376 Iam
888 1331 1003 1375 ver
1030 1313 1424 1392 adpetebat;
1473 1311 1703 1391 itaque
1734 1310 2080 1372 Hannibal
2108 1328 2189 1372 ex
2218 1310 2518 1375 hibernis
2556 1318 2589 1368 1

434 1413 671 1493 movit,
702 1419 768 1476 et
797 1413 1216 1494 nequiquam
1244 1417 1400 1475 ante
1433 1416 1715 1474 conatus
1746 1411 2216 1473 transcendere
2246 1412 2517 1492 Appen-

433 1513 674 1575 ninum
716 1512 1157 1576 intolerandis
1200 1511 1564 1592 frigoribus
1609 1516 1675 1573 et
1721 1528 1877 1572 cum
1920 1510 2175 1590 ingenti
2224 1512 2518 1590 periculo

436 1618 738 1676 moratus
775 1632 854 1676 ac
893 1618 1101 1675 metu.
1196 1611 1389 1690 Galli,
1434 1628 1601 1691 quos
1644 1610 1930 1690 praedae
1974 1611 2518 1690 populationum·
2553 1617 2591 1669 2

442 1730 568 1792 que
601 1713 984 1775 conciverat
1014 1730 1193 1792 spes,
1229 1717 1591 1792 postquam
1624 1729 1743 1791 pro
1774 1729 1875 1791 eo,
1907 1717 1982 1773 ut
2011 1712 2141 1791 ipsi
2186 1730 2266 1775 ex
2298 1714 2518 1776 alieno

434 1831 596 1893 agro
636 1820 948 1894 raperent
986 1820 1423 1895 agerentque,
1464 1831 1622 1876 suas
1663 1818 1872 1875 terras
1912 1812 2142 1874 sedem
2184 1813 2338 1876 belli
2378 1831 2518 1879 esse

439 1913 784 1994 premique
825 1914 1174 1995 utriusque
1220 1913 1427 1994 partis
1467 1911 1885 1975 exercituum
1925 1911 2224 1975 hibernis
2268 1913 2517 1995 videre,

439 2018 781 2075 verterunt
817 2019 992 2077 retro
1028 2014 1099 2075 in
1135 2013 1593 2076 Hannibalem
1627 2013 1716 2075 ab
1754 2012 2081 2090 Romanis
2120 2012 2303 2093 odia;
2355 2015 2519 2094 peti·
2555 2025 2591 2077 3

436 2117 678 2192 tusque
710 2131 909 2193 saepe
944 2113 1324 2194 principum
1351 2111 1612 2174 insidiis
1635 2111 1939 2192 ipsorum
1967 2112 2141 2175 inter
2170 2132 2239 2176 se
2255 2114 2520 2194 fraude,

436 2212 676 2276 eadem
714 2213 1012 2293 levitate,
1058 2233 1190 2295 qua
1232 2217 1731 2292 consenserant,
1774 2230 2177 2276 consensum
2217 2213 2520 2277 indican-

438 2312 630 2392 tium,
692 2319 998 2377 servatus
1063 2319 1205 2376 erat
1263 2319 1330 2376 et
1388 2312 1720 2375 mutando
1778 2330 1959 2375 nunc
2023 2320 2280 2376 vestem
2338 2333 2521 2378 nunc

437 2417 824 2492 tegumenta
844 2413 1081 2493 capitis
1109 2431 1328 2476 errore
1357 2413 1565 2475 etiam
1592 2430 1734 2474 sese
1763 2413 1852 2475 ab
1870 2412 2130 2475 insidiis
2159 2415 2518 2480 munierat.

437 2512 747 2574 Ceterum
787 2512 896 2575 hic
932 2530 1197 2593 quoque
1240 2513 1301 2576 ei
1343 2513 1545 2576 timor
1576 2530 1781 2575 causa
1821 2513 1953 2574 fuit
1993 2514 2327 2577 maturius
2376 2533 2519 2577 mo-
2556 2529 2595 2580 4

441 2611 642 2674 vendi
680 2630 760 2675 ex
797 2612 1112 2677 hibernis.

611 2714 735 2775 Per
757 2711 940 2775 idem
963 2718 1228 2793 tempus
1253 2714 1372 2776 Cn.
1404 2713 1722 2778 Servilius
1748 2715 1985 2776 consul
2010 2715 2268 2777 Romae
2294 2716 2523 2779 idibus

438 2811 696 2874 Martiis
764 2813 1233 2893 magistratum
1300 2813 1470 2877 iniit.
1561 2813 1667 2875 Ibi
1736 2832 1892 2876 cum
1964 2814 2042 2877 de
2111 2833 2180 2877 re
2254 2817 2522 2895 publica
2557 2824 2592 2876 5

442 2912 826 2992 rettulisset,
878 2913 1330 2993 redintegrata
1379 2914 1451 2975 in
1503 2914 1574 2978 C.
1627 2913 2036 2976 Flaminium
2084 2915 2344 2978 invidia
2395 2921 2521 2978 est:

447 3012 612 3074 duos
648 3030 718 3076 se
755 3014 1059 3076 consules
1096 3032 1375 3094 creasse,
1411 3033 1628 3077 unum
1662 3013 1938 3094 habere3
1990 3015 2171 3095 quod
2207 3015 2391 3077 enim
2425 3016 2524 3078 illi

437 3111 692 3173 iustum
734 3112 1116 3193 imperium,
1166 3114 1345 3194 quod
1388 3115 1769 3193 auspicium
1811 3115 1993 3177 esse?

461 3274 502 3320 1.
555 3277 662 3323 145.
718 3277 785 3322 11.
835 3277 1103 3324 Hannibal
1125 3277 1316 3323 Moves
1347 3283 1406 3323 to
1531 3281 1733 3322 mutual
1767 3281 2078 3332 treachery.”
2133 3281 2524 3327 indicantium:

818 3345 1049 3390 Etruria.
1531 3348 1690 3390 refers
1740 3351 1795 3389 to
1840 3347 2123 3398 principum.
2204 3351 2525 3401 tegumenta

487 3410 533 3455 1.
587 3411 946 3464 nequiquam:
977 3412 1244 3464 explained
1269 3414 1335 3464 by
1360 3413 1430 3453 in·
1533 3414 1913 3467 camtiszwxgs‚
1928 3415 2197 3466 according
2212 3421 2267 3457 to
2282 3417 2526 3467 Polyb1us

438 3475 706 3520 tolerandis
718 3477 1004 3529 sriqoribus.
1532 3482 1587 3530 (3.
1603 3482 1665 3522 78.
1684 3483 1747 3532 2).
1794 3489 2003 3526 errore:
2032 3482 2108 3522 1.e.
2130 3483 2455 3533 uncertamty
2473 3484 2528 3523 ot

487 3544 535 3589 2.
588 3552 675 3590 eo:
695 3545 784 3586 the
809 3544 1054 3588 tat-clause
1076 3545 1124 3588 is
1149 3546 1208 3588 ln
1235 3547 1432 3599 apposi·
1534 3549 1620 3589 the
1670 3548 1827 3589 Gauls
1863 3558 1921 3590 as
1960 3553 2014 3589 to
2060 3548 2361 3590 Hannibal’s
2394 3549 2527 3590 iden·

441 3610 564 3651 tion.
629 3612 870 3654 “Instead
887 3612 943 3653 ot
959 3612 1262 3655 themselves
1289 3614 1432 3666 plun-
1534 3615 1647 3664 tity.

439 3675 667 3728 domest
1586 3683 1631 3725 5.
1686 3680 1799 3725 1111:
1828 3681 1901 3722 1.e.
1930 3681 2229 3723 Flaminius.
2285 3689 2425 3724 esse:
2447 3691 2529 3722 see

489 3743 536 3787 3.
589 3743 742 3792 inter
777 3753 858 3791 se:
888 3754 969 3786 see
993 3744 1057 3787 2¹.
1085 3745 1150 3787 ω.
1171 3747 1236 3794 ἰς
1270 3747 1433 3788 “their
1535 3749 1598 3786 21.
1619 3747 1681 3786 53.
1702 3747 1740 3786 3.

1464 3814 1518 3860 55
