2967 4384
556 290 662 345 1³0
1371 343 1379 348 ,
1476 290 1537 345 r.
1580 289 1745 346 Lm
2386 287 2545 358 [xliv.
2578 288 2652 342 ιο

553 483 698 544 sua,
769 471 952 527 metu
1020 463 1375 545 interprete
1445 481 1707 544 semper
1774 463 1846 526 in
1917 463 2240 527 deteriora
2306 461 2647 540 inclinato,

558 565 907 628 ducebant.
961 585 967 592 ·

486 680 517 728 1
723 667 912 727 XLV.
958 667 1129 728 Nero
1200 672 1560 746 postquam
1625 664 1763 727 iam
1827 672 2093 727 tantum
2158 665 2490 727 intervalli
2556 665 2647 726 ab

553 766 741 827 hoste
802 765 1070 844 fecerat,
1130 773 1206 828 ut
1272 766 1483 845 detegi
1544 765 1895 827 consilium
1954 764 2113 827 satis
2170 771 2394 826 tutum
2453 772 2645 844 esset,

484 881 520 931 2
557 863 784 944 paucis
837 865 1078 927 milites
1131 865 1513 944 alloquitur.
1603 866 1811 945 Negat
1868 865 2067 927 ullius
2120 865 2470 927 consilium
2518 867 2649 926 im-

557 963 874 1044 peratoris
902 965 973 1025 in
1003 965 1292 1042 speciem
1320 965 1665 1042 audaciuS,
1696 984 1764 1027 re
1795 966 1940 1043 ipsa
1968 964 2176 1026 tutius
2204 964 2406 1048 fuisse
2442 982 2648 1044 quam

483 1083 520 1135 3
552 1081 770 1128 suum.
859 1063 964 1125 Ad
995 1070 1244 1126 certam
1287 1083 1400 1127 eos
1443 1084 1511 1127 se
1558 1065 1908 1127 victoriam
1956 1066 2217 1127 ducere:
2268 1066 2509 1145 quippe
2555 1069 2647 1128 ad

558 1165 734 1242 quod
765 1162 1014 1225 bellum
1041 1165 1290 1243 collega
1317 1182 1454 1226 non
1481 1170 1657 1242 ante,
1693 1181 1896 1243 quam
1922 1165 2008 1225 ad
2037 1164 2409 1227 satietatem
2435 1165 2646 1244 ipsius

557 1264 854 1343 peditum
891 1270 1091 1341 atque
1129 1264 1432 1341 equitum
1473 1265 1666 1326 datae
1703 1265 1790 1325 ab
1828 1269 2062 1326 senatu
2099 1265 2327 1344 copiae
2363 1265 2645 1328 fuissent

553 1363 834 1442 maiores
869 1363 1476 1442 instructioresque,
1520 1382 1722 1442 quam
1757 1365 1813 1425 si
1849 1365 2167 1426 adversus
2202 1365 2424 1444 ipsum
2458 1366 2647 1426 Han-

551 1464 845 1525 nibalem
889 1464 1034 1542 iret,
1088 1463 1420 1543 profectus
1467 1465 1573 1541 sit,
1623 1482 1701 1526 eo
1749 1465 1875 1542 ipsi
1922 1465 1975 1526 si
2029 1471 2644 1543 quantumcumque

552 1564 796 1625 virium
828 1571 1245 1626 momentum
1278 1564 1678 1642 addiderint,
1714 1582 1855 1626 rem
1888 1582 2157 1626 omnem
2186 1564 2643 1628 inclinaturoS.

482 1671 519 1721 4
549 1663 871 1726 Auditum
913 1666 1115 1726 modo
1157 1664 1226 1724 in
1270 1664 1408 1726 acie
1438 1699 1521 1706 ——
1545 1683 1707 1726 nam
1748 1683 1830 1727 ne
1874 1671 2027 1727 ante
2071 1665 2404 1743 audiatur,
2453 1666 2644 1727 datu-

550 1780 700 1822 rum
742 1781 1014 1843 operam
1041 1799 1123 1806 ——
1149 1765 1433 1825 alterum
1475 1765 1816 1826 consulem
1856 1770 1919 1827 et
1962 1765 2245 1826 alterum
2286 1765 2645 1827 exercitum

551 1863 897 1926 advenisse
948 1864 1133 1925 haud
1191 1863 1464 1925 dubiam
1517 1864 1867 1926 victoriam
1916 1863 2275 1928 facturum.
2366 1865 2645 1926 Famam

479 1968 514 2018 5
555 1962 799 2024 bellum
835 1965 1176 2041 conficere,
1215 1969 1278 2024 et
1319 1981 1527 2042 parva
1563 1970 1902 2025 momenta
1967 1964 2038 2025 in
2107 1981 2295 2043 spem
2358 1970 2647 2026 metum-

555 2079 678 2139 que
719 2063 1053 2143 impellere
1096 2063 1384 2141 animos;
1423 2063 1669 2142 gloriae
1716 2063 1984 2141 quidem
2024 2082 2101 2124 ex
2140 2081 2209 2126 re
2255 2063 2417 2126 bene
2457 2070 2642 2143 gesta

554 2169 778 2241 partae
807 2163 1103 2225 fructum
1134 2180 1335 2242 prope
1366 2180 1635 2224 omnem
1661 2163 1839 2241 ipsos
1864 2164 2144 2240 laturos3
2171 2180 2431 2244 semper
2462 2167 2643 2242 quod

477 2281 513 2330 6
552 2268 960 2340 postremum
1003 2263 1339 2325 adiectum
1383 2262 1489 2341 sit,
1534 2263 1605 2324 id
1648 2281 1788 2325 rem
1831 2268 2044 2325 totam
2088 2263 2299 2325 videri
2342 2264 2638 2326 traxisse.

482 2347 488 2354 ’
549 2362 825 2424 Cernere
889 2364 1090 2441 ipsos,
1164 2379 1294 2440 quo
1361 2380 1707 2442 concursu,
1781 2380 1911 2440 qua
1976 2363 2436 2441 admiratione,
2507 2380 2639 2442 quo

546 2462 776 2525 favore
820 2462 1170 2524 hominum
1212 2462 1335 2524 iter
1377 2479 1576 2524 suum
1619 2462 2000 2525 celebretur.
2090 2463 2174 2525 Et
2215 2463 2478 2525 hercule
2525 2482 2640 2542 per

476 2572 526 2629 ⁷·
545 2562 868 2624 instructa
896 2563 1122 2624 omnia
1143 2562 1486 2624 ordinibus
1504 2563 1802 2624 virorum
1828 2563 2312 2641 mulierumque
2339 2563 2637 2641 undique

547 2681 625 2724 ex
658 2661 832 2742 agris
866 2664 1251 2740 effusorum,
1287 2662 1458 2724 inter
1492 2668 1652 2724 vota
1686 2681 1763 2724 ac
1801 2681 2022 2741 preces
2056 2669 2120 2724 et
2154 2664 2385 2725 laudes
2420 2663 2635 2725 ibant:

546 2763 692 2824 illos
757 2762 1083 2842 praesidia
1143 2763 1237 2825 rei
1301 2763 1629 2842 publicae,
1692 2763 1988 2824 vindices
2047 2763 2232 2824 urbis
2292 2765 2635 2826 Romanae

547 2863 937 2942 imperiique
1005 2862 1463 2943 appellabant;
1528 2862 1599 2922 in
1662 2862 1927 2922 illorum
1994 2863 2194 2924 armis
2264 2862 2635 2942 dextrisque

547 2981 740 3024 suam
823 2962 1315 3041 liberorumque
1405 2980 1681 3024 suorum
1766 2963 2048 3024 salutem
2111 2980 2189 3024 ac
2259 2963 2636 3026 libertatem

477 3079 514 3130 8
547 3064 906 3142 repositam
955 3081 1113 3125 esse.
1205 3065 1378 3124 Deos
1427 3080 1658 3123 omnes
1712 3063 1996 3139 deasque
2049 3062 2512 3142 precabantur,
2559 3071 2635 3126 ut

547 3164 674 3225 illis
715 3163 1012 3225 faustum
1053 3164 1196 3240 iter,
1240 3162 1396 3224 felix
1443 3180 1686 3240 pugna,
1729 3167 1993 3222 matura
2036 3179 2113 3222 ex
2154 3162 2457 3224 hostibus
2499 3163 2639 3225 vic-

547 3264 717 3326 toria
758 3269 946 3340 esset,
995 3264 1599 3339 damnarenturque
1641 3261 1767 3339 ipsi
1808 3267 2139 3339 votorum,
2187 3278 2353 3338 quae
2400 3280 2515 3341 pro
2556 3263 2637 3326 iis

602 3438 680 3481 10.
735 3435 1032 3481 ducebant:
1057 3435 1431 3476 “considered'’
1638 3433 1830 3475 venisse.

599 3504 751 3546 XLV.
807 3505 853 3548 2.
907 3503 1125 3555 paucis:
1163 3513 1228 3543 sc.
1260 3502 1429 3543 verbis.
1482 3501 1544 3546 in
1689 3504 1735 3546 7.
1790 3501 2250 3553 vindicema1ega1
2264 3507 2407 3544 term.
2456 3503 2631 3546 Trans-

551 3572 811 3623 speclem:
839 3570 1041 3619 :specia
1638 3569 1740 3610 late
1761 3571 1877 3609 “the
1896 3571 2191 3620 avengers.”

602 3639 647 3682 3.
700 3638 900 3689 ipsius:
923 3635 1185 3687 :colleqaa
1240 3645 1323 3681 eo:
1341 3637 1540 3682 adverb,
1690 3637 1735 3680 8.
1788 3636 2035 3680 faustum
2054 3666 2066 3680 .
2092 3667 2104 3681 .
2128 3666 2141 3680 .
2163 3634 2321 3680 felix:
2344 3638 2500 3680 see26.
2520 3639 2577 3679 18.
2594 3640 2629 3680 8.

549 3707 798 3755 referring
833 3711 886 3745 to
909 3704 1116 3754 adquocz
1133 3703 1313 3743 bellum.
1636 3703 1912 3747 votorum:
1945 3705 2030 3743 the
2058 3703 2282 3753 genitive
2311 3704 2366 3744 ot
2400 3704 2489 3745 the
2520 3714 2633 3755 pen·

599 3775 646 3816 4.
721 3771 976 3815 auditum
1028 3801 1042 3815 .
1101 3801 1113 3814 .
1163 3801 1176 3814 .
1224 3769 1541 3813 advenisse:
1638 3770 1759 3819 alty.
1812 3770 2072 3820 Luerany,
2092 3770 2432 3810 “condemned
2454 3774 2508 3811 to
2534 3782 2633 3822 pay

551 3841 708 3879 forms
729 3840 813 3879 the
843 3838 1040 3884 subject,
1057 3839 1111 3876 of
1119 3836 1381 3885 facturum.
1439 3837 1544 3876 The
1639 3836 1770 3876 their
1796 3837 1982 3876 vows.”
2036 3837 2303 3878 Translate
2325 3839 2637 3880 “successful

551 3911 728 3945 neuter
770 3903 1042 3955 participle
1086 3915 1260 3954 agrees
1303 3904 1427 3943 with
1462 3903 1543 3942 ad·
1638 3903 1691 3942 in
1710 3903 1843 3944 their
1864 3905 2051 3944 vows.”
