2967 4384
543 249 650 306 156
1440 235 1515 304 '·1·.
1553 249 1719 306 1.1v1
2470 249 2570 320 [ω.
2598 249 2637 304 4

471 437 508 488 4
540 429 770 502 spectu
825 423 1265 485 Hasdrubalis
1322 428 1539 500 erant;
1594 423 2167 503 Carthaginienses
2226 425 2635 486 deduxerant

538 541 768 601 naveS,
821 525 1101 585 classem
1152 529 1457 603 paratam
1506 524 2031 602 instructamque
2081 524 2171 584 ad
2222 530 2635 586 commeatus

536 623 1052 703 intercipiendos
1099 624 1461 685 habebant.
1552 625 1733 685 Inter
1776 624 1941 684 haec
1988 641 2071 684 ne
2119 622 2440 702 Syphacis
2494 626 2636 703 qui-

543 727 694 787 dem
728 725 1198 786 reconciliandi
1234 742 1466 786 curam
1501 744 1580 787 ex
1615 725 1840 786 animo
1875 725 2167 802 miserat,
2203 726 2257 786 si
2292 725 2462 786 forte
2498 726 2636 786 iam

539 827 741 888 satias
794 827 1042 888 amoris
1096 827 1166 887 in
1218 843 1421 888 uxore
1477 844 1556 886 ex
1610 827 1824 887 multa
1877 826 2070 903 copia
2124 843 2280 886 eum
2332 827 2632 905 cepisset.

470 922 505 973 ⁶
538 927 642 988 Ab
696 926 997 1006 Syphace
1053 927 1266 1006 magis
1325 927 1505 1005 pacis
1559 937 1715 986 cum
1767 925 2425 1004 Carthaginiensibus
2478 943 2635 986 con-

544 1027 855 1105 dicioneS,
915 1033 990 1089 ut
1051 1028 1340 1088 Romani
1399 1026 1645 1103 Africa,
1706 1025 1909 1086 Poeni
1968 1026 2162 1087 Italia
2223 1027 2634 1103 excederent,

545 1142 770 1204 quam,
811 1128 865 1188 si
912 1127 1286 1204 bellaretur,
1327 1144 1477 1204 spes
1516 1126 1654 1186 ulla
1698 1125 2102 1186 desciturum
2139 1126 2587 1188 adserebatur.

471 1234 504 1284 1
711 1227 824 1288 IX.
873 1227 1145 1289 Postero
1229 1227 1329 1288 die
1410 1225 1627 1305 Scipio
1706 1225 2004 1286 Laelium
2080 1226 2635 1304 Masinissamque

541 1343 696 1387 cum
742 1328 924 1387 omni
971 1328 1277 1388 Romano
1325 1332 1388 1388 et
1433 1326 1785 1386 Numidico
1832 1325 2135 1403 equitatu
2180 1326 2634 1403 expeditisque

541 1427 831 1487 militum
881 1428 968 1488 ad
1026 1428 1515 1504 persequendos
1566 1424 1941 1503 Syphacem
1990 1430 2193 1503 atque
2245 1425 2636 1486 Hasdruba-

471 1527 507 1578 2
539 1527 673 1586 lem
710 1527 942 1603 mittit;
980 1528 1119 1604 ipse
1161 1543 1316 1587 cum
1354 1526 1589 1587 robore
1629 1525 1949 1586 exercitus
1986 1525 2185 1586 urbes
2224 1525 2421 1603 circa,
2466 1543 2632 1602 quae

541 1644 770 1688 omnes
839 1626 1488 1704 Carthaginiensium
1559 1624 1833 1686 dicionis
1901 1630 2112 1702 erant,
2183 1625 2427 1704 partim
2494 1643 2633 1702 spe,

469 1731 507 1783 3
544 1726 786 1803 partim
815 1731 1020 1804 metu,
1054 1726 1297 1804 partim
1326 1725 1393 1786 vi
1413 1724 1689 1802 subigit.
1780 1724 2163 1802 Carthagini
2191 1730 2331 1786 erat
2366 1725 2635 1803 quidem

536 1825 770 1904 ingens
850 1832 1080 1902 terror,
1171 1831 1235 1886 et
1329 1824 1905 1884 circumferentem
1992 1841 2181 1885 arma
2260 1822 2635 1902 Scipionem

541 1925 850 1986 omnibus
884 1925 1181 1986 finitimis
1215 1924 1461 2002 raptim
1499 1909 1889 2001 perdomitis⁴
1913 1924 2133 2000 ipsam
2165 1923 2634 2002 Carthaginem

450 2072 461 2082 .
538 2031 807 2102 repente
871 2027 1341 2104 adgressurum
1404 2025 1782 2085 credebant.
1872 2022 2106 2101 Itaque
2171 2029 2235 2086 et
2298 2024 2472 2084 muri
2534 2042 2635 2084 re-

471 2132 510 2184 4
539 2125 962 2187 ficiebantur'
1005 2127 1648 2205 propugnaculisque
1720 2125 2175 2201 armabantur,
2243 2129 2308 2186 et
2379 2141 2496 2202 pro
2564 2141 2631 2184 se

545 2225 846 2303 quisque,
906 2243 1073 2304 quae
1133 2227 1424 2287 diutinae
1481 2226 1841 2287 obsidionis
1895 2225 2275 2286 tolerandae
2329 2230 2505 2300 sunt,
2556 2241 2633 2284 ex

471 2335 506 2386 5
540 2325 713 2403 agris
763 2326 1198 2387 convehebat.
1285 2327 1463 2387 Rara
1504 2326 1752 2386 mentio
1815 2331 1911 2387 est
1977 2326 2178 2403 paciS,
2225 2324 2634 2403 frequentior

538 2426 910 2502 legatorum
962 2428 1050 2488 ad
1104 2426 1556 2487 Hannibalem
1607 2427 2075 2486 arcessendum
2126 2425 2633 2501 mittendorum3

471 2538 508 2589 6
543 2542 694 2602 pars
737 2526 1031 2587 maxima
1074 2527 1372 2602 classem,
1421 2543 1587 2603 quae
1630 2526 1719 2586 ad
1761 2530 2171 2586 commeatus
2212 2525 2632 2602 excipiendos

544 2630 775 2702 parata
823 2631 985 2702 erat,
1033 2625 1290 2686 mittere
1338 2624 1570 2685 iubent
1604 2625 1693 2685 ad
1740 2625 2249 2702 opprimendam
2276 2623 2632 2685 stationem

540 2725 820 2787 navium
882 2727 970 2787 ad
1033 2725 1299 2787 Uticam
1360 2725 1625 2785 incaute
1689 2731 2021 2803 agentem:
2087 2724 2365 2785 forsitan
2428 2724 2633 2785 etiam

541 2825 810 2886 navalia
854 2832 1092 2903 castra,
1137 2824 1364 2886 relicta
1408 2841 1563 2884 cum
1605 2824 1736 2884 levi
1785 2823 2132 2901 praesidio,
2179 2841 2627 2901 oppressuros,

469 2928 504 2979 7
539 2924 618 2983 In
666 2926 792 2986 hoc
842 2925 1191 2986 consilium
1238 2924 1526 2984 maxime
1575 2923 1924 2999 inclinant;
1971 2924 2220 3001 legatos
2267 2928 2493 2984 tamen
2541 2924 2629 2983 ad

587 3191 636 3234 4.
693 3197 760 3232 ex
793 3188 976 3232 multa
1007 3188 1189 3239 eopia:
1239 3198 1303 3229 sc.
1339 3186 1531 3234 amoris,
1632 3192 1755 3228 tune
1788 3190 1842 3228 or
1876 3188 2035 3228 battle
2071 3189 2169 3228 and
2213 3197 2343 3228 were
2372 3189 2525 3239 again
2551 3189 2629 3228 de-

540 3257 694 3306 “long
721 3256 1019 3306 indulgence
1047 3256 1103 3296 in
1131 3255 1210 3296 his
1228 3255 1388 3295 love.·’
1443 3253 1535 3294 See
1631 3255 1808 3294 reated.
1864 3254 2111 3305 Chapters
2129 3256 2210 3294 4-8.
2438 3261 2444 3266 ·

537 3327 656 3364 note
675 3327 729 3363 to
745 3324 806 3363 29.
828 3324 888 3362 28.
911 3324 949 3362 7.
1630 3320 1717 3362 IX.
1798 3322 1903 3364 1-9.
1983 3319 2367 3371 Preparations
2426 3321 2489 3365 of
2532 3322 2628 3366 the

591 3391 634 3433 δ.
691 3389 1064 3433 condiciones:
1087 3399 1152 3429 sc.
1175 3387 1529 3437 adferebantur.
1915 3386 2341 3438 Carthaginians.

537 3455 899 3502 desciturum:
941 3466 1007 3496 se.
1039 3465 1142 3494 eum
1168 3463 1198 3493 a
1233 3453 1535 3504 Gar-thamni·
1681 3456 1726 3497 2.
1783 3454 1993 3504 partim
2026 3485 2038 3496 .
2080 3485 2091 3497 .
2133 3486 2143 3496 .
2179 3454 2409 3505 partim:
2456 3457 2629 3495 “some

538 3523 734 3564 ensibus.
791 3522 960 3573 Scipio
987 3523 1138 3562 made
1164 3530 1232 3562 an
1259 3521 1434 3561 attaok
1469 3521 1536 3569 by
1631 3551 1640 3560 .
1673 3550 1681 3560 .
1714 3551 1723 3560 .
1754 3522 1976 3561 others.'‘

537 3592 686 3640 night
703 3599 840 3640 upon
860 3589 1069 3640 Syphax
1098 3588 1198 3633 and
1214 3587 1537 3637 [Hasdrubal.
1680 3590 1728 3630 4.
1784 3586 2091 3630 obsidionis
2108 3587 2458 3631 tolerandae:
2489 3588 2629 3638 pred-

537 3659 664 3704 who‚
686 3657 816 3696 after
836 3657 922 3696 the
948 3655 1170 3705 burning
1187 3656 1240 3694 or
1260 3655 1345 3694 the
1362 3657 1535 3694 straw-
1630 3653 1760 3693 icate
1793 3653 2035 3703 genitive:
2069 3653 2266 3694 “which
2300 3663 2433 3694 were
2461 3656 2516 3694 ot
2554 3665 2628 3695 as-

537 3724 775 3764 thatched
790 3724 912 3763 huts
929 3721 985 3762 in
1002 3722 1169 3762 which
1188 3721 1322 3761 their
1351 3719 1537 3760 armies
1631 3722 1850 3761 sistance
1867 3721 1922 3760 in
1940 3721 2183 3771 standing
2201 3730 2231 3760 a.
2251 3719 2435 3770 siege.”

537 3800 666 3830 were
699 3790 986 3840 eneamped.
1024 3788 1119 3828 fled
1163 3788 1217 3827 in
1251 3788 1533 3827 confusion.
1682 3789 1729 3830 6.
1784 3795 2168 3838 oppressuros:
2215 3788 2301 3828 the
2342 3787 2541 3837 subject
2581 3786 2629 3830 is

537 3859 692 3898 Later
712 3859 830 3906 they
850 3856 980 3896 tried
998 3864 1122 3895 once
1150 3863 1290 3894 more
1322 3855 1408 3895 the
1440 3855 1536 3894 tor·
1632 3854 1838 3906 implied
1857 3855 1911 3894 in
1930 3863 2108 3894 navem.
