2967 4384
491 251 598 306 112
1408 251 1470 309 Τ.
1517 251 1680 310 Lm
2242 241 2246 246 ⁸
2422 255 2518 323 [ix.
2544 255 2578 310 ‘1

491 433 785 503 currunt,
835 423 1127 488 crinibus
1178 426 1386 505 passis
1432 443 1584 488 aras
1634 433 1988 504 verrenteS,
2036 426 2231 489 nixae
2279 428 2578 506 genibuS‚

422 530 460 582 8
490 525 764 604 supinas
795 543 1037 588 manus
1068 527 1156 587 ad
1190 527 1449 588 caelum
1478 545 1559 589 ac
1596 526 1751 589 deos
1782 526 2129 590 tendentes
2162 537 2579 607 orantesque,

489 632 564 686 ut
636 625 872 687 urbem
946 627 1324 687 Romanam
1395 643 1430 687 e
1502 625 1817 688 manibus
1889 626 2183 690 hostium
2255 627 2583 706 eriperent

488 735 866 809 matresque
924 730 1263 790 Romanas
1319 737 1384 790 et
1438 729 1681 790 liberos
1741 746 1984 807 parvos
2038 727 2395 790 inviolatos
2450 747 2582 790 ser-

372 849 382 856 ·
419 841 456 894 9
494 836 746 891 varent.
842 831 1120 893 Senatus
1170 828 1671 907 magistratibus
1720 827 1791 888 in
1839 828 1987 889 foro
2043 836 2303 906 praesto
2354 837 2473 907 est,
2526 829 2583 890 si

495 927 653 1005 quid
685 928 1022 990 consulere
1057 929 1281 992 velint.
1370 928 1499 989 Alii
1528 927 1865 1007 accipiunt
1895 928 2174 1007 imperia
2208 928 2583 991 discedunt-

494 1045 619 1106 que
678 1028 766 1089 ad
828 1047 982 1090 suas
1047 1029 1325 1110 quisque
1387 1029 1757 1090 officiorum
1821 1036 2060 1107 parteS,
2121 1029 2235 1091 alii
2296 1030 2583 1092 offerunt

489 1145 580 1206 se,
631 1128 686 1190 si
740 1146 871 1209 quo
920 1147 1081 1191 usus
1130 1147 1368 1208 operae
1418 1129 1524 1192 sit.
1615 1128 1950 1191 Praesidia
1998 1128 2069 1189 in
2117 1147 2291 1208 arce,
2340 1129 2411 1190 in
2461 1131 2582 1191 Ca-

339 1305 343 1310 ?
492 1227 740 1307 pitolio,
785 1229 856 1289 in
899 1229 1128 1306 muriS,
1176 1230 1348 1291 circa
1391 1229 1651 1307 urbem,
1694 1229 1766 1290 in
1808 1235 2033 1291 monte
2077 1229 2282 1292 etiam
2322 1230 2584 1292 Albano

383 1337 456 1389 10
487 1336 689 1408 atque
737 1348 888 1392 arce
935 1330 1262 1392 Aefulana
1314 1339 1672 1408 ponuntur.
1762 1330 1942 1392 Inter
1990 1330 2169 1391 hunc
2218 1331 2583 1393 tumultum

486 1428 562 1507 Q.
597 1429 908 1492 Fulvium
943 1429 1404 1509 proconsulem
1438 1429 1811 1509 profectum
1843 1446 1999 1490 cum
2029 1429 2321 1492 exercitu
2353 1431 2583 1509 Capua

382 1542 452 1592 11
486 1529 805 1594 adfertur.
895 1530 1238 1593 Hannibal
1307 1528 1611 1592 infestius
1688 1530 2126 1609 perpopulato
2197 1549 2359 1608 agro
2431 1532 2580 1592 Fre-

485 1629 744 1706 gellano
833 1638 1099 1710 propter
1180 1629 1533 1712 intercisos⁴
1612 1629 1851 1709 pontiS,
1941 1648 2056 1708 per
2166 1631 2583 1693 Frusinatem

487 1729 1106 1811 Ferentinatemque
1159 1739 1224 1794 et
1275 1729 1706 1808 Anagninum
1757 1747 1995 1807 agrum
2047 1730 2118 1790 in
2171 1730 2582 1792 Labicanum

381 1844 454 1894 12
491 1830 690 1893 venit.
779 1830 943 1892 Inde
972 1829 1211 1909 Algido
1252 1830 1615 1892 Tusculum
1651 1828 1859 1908 petiit,
1902 1847 2025 1892 nec
2054 1839 2361 1908 receptus
2397 1848 2575 1892 moe-

485 1929 682 1990 nibus
710 1929 884 1991 infra
911 1930 1273 1991 Tusculum
1302 1930 1678 1992 dextrorsus
1706 1928 1950 1991 Gabios
1974 1930 2330 1993 descendit.
2415 1930 2581 1992 Inde

482 2030 554 2090 in
607 2031 959 2109 Pupiniam
1012 2030 1302 2094 exercitu
1360 2029 1645 2091 demisso
1686 2037 1835 2092 octo
1888 2030 2072 2091 milia
2124 2047 2440 2109 passuum
2491 2030 2580 2092 ab

378 2145 451 2197 13
484 2131 699 2192 Roma
739 2130 957 2210 posuit
995 2138 1232 2192 castra.
1323 2130 1469 2209 Quo
1527 2129 1797 2208 propius
1835 2129 2042 2192 hostis
2080 2129 2461 2204 accedebat,
2500 2147 2581 2192 eo

483 2230 695 2292 maior
729 2231 961 2292 caedes
993 2231 1197 2294 fiebat
1231 2230 1631 2309 fugientium
1675 2229 2225 2310 praecedentibus
2252 2229 2576 2307 NumidiS,

487 2331 834 2410 pluresque
875 2331 1177 2393 omnium
1206 2350 1527 2411 generum
1551 2340 1753 2412 atque
1770 2332 2091 2396 aetatium
2121 2330 2575 2410 capiebantur.

417 2446 450 2496 1
653 2433 734 2493 X.
779 2434 860 2492 In
905 2432 1032 2494 hoc
1079 2433 1383 2501 tumultu,
1420 2433 1697 2495 Fulvius
1745 2433 2018 2494 Flaccus
2072 2438 2261 2510 porta
2311 2431 2576 2508 Capena

485 2549 638 2593 cum
672 2531 960 2595 exercitu
995 2533 1284 2594 Romam
1317 2532 1651 2610 ingressus
1691 2551 1797 2594 me
1806 2532 1911 2594 dia
1949 2531 2114 2593 urbe
2154 2548 2267 2610 per
2305 2530 2577 2592 Carinas

482 2631 812 2712 Esquilias
882 2633 1250 2712 contendit:
1321 2634 1477 2696 inde
1552 2651 1852 2712 egressus
1912 2632 2084 2694 inter
2157 2630 2576 2710 Esquilinam

483 2733 938 2812 Collinamque
973 2742 1233 2812 portam
1267 2735 1484 2814 posuit
1511 2743 1760 2801 castra.
1852 2732 2113 2794 Aediles
2146 2729 2353 2810 plebis
2399 2748 2578 2791 com-

414 2845 452 2896 2
483 2842 780 2897 meatum
801 2852 880 2896 eo
904 2842 1402 2913 conportarunt.
1497 2836 1811 2897 Consules
1836 2839 2237 2910 senatusque
2260 2830 2331 2891 in
2360 2838 2576 2893 castra

486 2942 827 2997 venerunt.
917 2935 1021 2996 Ibi
1061 2936 1138 2997 de
1176 2953 1441 2997 summa
1477 2953 1547 2996 re
1588 2934 1853 3013 publica
1892 2933 2359 2995 consultatam.
2391 2964 2397 2972 ·
2430 2931 2576 2992 Pla-

483 3034 618 3097 cuit
687 3036 992 3098 ·consules
1070 3036 1244 3098 circa
1323 3043 1547 3114 portas
1623 3035 1950 3096 Collinam
2024 3031 2576 3110 Esquilinamque

486 3153 724 3213 ponere
760 3145 995 3214 castra,
1030 3138 1100 3198 C.
1138 3135 1573 3214 Calpurnium
1611 3143 1980 3212 praetorem
2012 3132 2351 3194 urbanum
2384 3129 2574 3208 Capi-

480 3235 639 3296 tolio
678 3243 879 3315 atque
919 3235 1056 3297 arci
1092 3253 1390 3314 praeesse
1430 3243 1496 3298 et
1519 3231 1833 3296 senatum'
1863 3234 2283 3312 frequentem
2321 3230 2392 3290 in
2428 3230 2576 3291 foro

481 3337 822 3413 contineri,
876 3336 932 3397 si
988 3336 1147 3415 quid
1197 3335 1269 3396 in
1319 3343 1463 3397 tam
1514 3334 1751 3397 subitis
1803 3334 1999 3396 rebus
2054 3330 2354 3394 consulto
2406 3347 2575 3408 opus

532 3547 578 3591 9.
634 3553 763 3596 quo:
817 3542 1088 3586 adverbial.
1158 3551 1389 3594 operae:
1444 3551 1475 3583 a
1579 3543 1847 3584 “classes''
1901 3541 2199 3587 aetatium:
2236 3541 2317 3581 ror
2337 3540 2423 3580 the
2440 3539 2575 3579 torm

480 3621 594 3653 rare
623 3622 712 3652 use
742 3613 795 3652 ot
826 3613 912 3652 the
939 3609 1174 3661 genitive,
1195 3610 1395 3652 instead
1421 3611 1476 3650 ot
1578 3619 1814 3661 compare
1838 3607 2122 3655 civitatium,
2142 3607 2206 3647 25.
2226 3606 2321 3647 8.1.

482 3681 568 3720 the
586 3678 822 3726 ablativo,
839 3678 964 3718 with
980 3688 1095 3718 usus
1115 3677 1196 3718 est.
1628 3677 1687 3716 Χ.
1744 3677 1791 3720 1.
1839 3676 2092 3720 carinas:
2108 3673 2577 3714 thenorthwestern

533 3747 612 3790 12.
665 3744 862 3796 Algmo
873 3753 884 3788 ε
897 3745 1118 3786 ablativo
1130 3746 1183 3784 ot
1197 3745 1282 3784 the
1298 3745 1476 3784 “route
1576 3743 1753 3793 height
1770 3744 1825 3783 or
1841 3743 1928 3783 the
1945 3740 2086 3782 Mona
2104 3738 2403 3790 Esquilinus.

481 3813 546 3861 by
564 3811 778 3852 which.’'
848 3812 1200 3855 dextrorsus:
1239 3811 1479 3850 :deuro-
1626 3811 1674 3854 2.
1733 3809 2012 3854 consulto:
2074 3808 2155 3848 tor
2208 3804 2571 3856 construction,

479 3884 672 3932 υονετιεῑ
716 3879 802 3918 “to
830 3878 916 3918 the
953 3877 1143 3927 right.‘’
1188 3885 1475 3929 generum:
1580 3887 1660 3918 see
1670 3875 1825 3928 facto,
1846 3878 1909 3918 21.
1930 3875 1994 3916 27.
2016 3875 2053 3916 3.
