2967 4384
369 213 532 269 xxix.
557 211 617 282 8]
1201 205 1432 267 mn
1463 206 1643 266 xxn
2392 206 2467 264 ‘1⁵

371 387 739 462 tumulum,
765 389 960 466 pulsa
989 387 1392 464 detrusaque
1417 392 1743 447 terrorem
1774 385 1847 444 in
1872 385 2345 446 succedentem
2366 383 2469 444 in—

372 486 530 547 tulit
545 487 847 564 equitem
862 493 929 548 et
945 485 1034 548 ad
1053 485 1248 564 signa
1261 484 1607 564 legionum
1622 484 1891 562 refugit.
1959 484 2049 544 Pe
2056 484 2274 545 ditum
2288 483 2467 546 acies
2500 489 2575 541 13

373 587 550 647 inter
579 587 920 664 perculsos
959 585 1290 664 inpavida
1310 586 1456 645 sola
1482 591 1629 646 erat
1653 583 1808 645 vide
1817 583 2173 663 baturque,
2196 584 2255 645 si
2288 583 2467 644 iusta

375 704 455 749 ac
471 693 656 747 recta
675 703 904 764 pugna
917 691 1114 762 esset,
1131 685 1674 762 haudquaquam
1691 684 1893 762 inpar
1914 683 2174 745 futura:
2196 689 2467 744 tantum

374 786 761 847 animorum
799 785 1050 847 fecerat
1096 801 1408 863 prospere
1449 790 1607 845 ante
1641 800 1891 862 paucos
1936 783 2077 843 dies
2116 800 2223 844 res
2248 789 2467 861 gesta3

373 886 493 947 sed
522 885 736 947 exorti
764 890 1037 963 repente
1067 883 1497 946 insidiatores
1525 899 1683 943 eum
1710 883 2084 943 tumultum
2111 873 2469 944 terrorem-
2500 891 2577 942 14

379 1003 506 1064 que
529 985 604 1046 in
625 987 840 1048 latera
862 984 1203 1063 utrimque
1229 983 1320 1045 ab
1340 990 1665 1062 tergoque
1690 982 2113 1044 incursantes
2136 981 2465 1060 fecerunt,

373 1092 450 1146 ut
489 1103 616 1146 nec
658 1085 928 1146 animus
971 1085 1061 1145 ad
1108 1100 1408 1162 pugnam
1449 1099 1671 1160 neque
1715 1083 1805 1143 ad
1848 1082 2086 1161 fugam
2128 1099 2283 1160 spes
2325 1082 2465 1143 cui·

378 1202 586 1264 quam
621 1189 1022 1262 superesset.
1111 1183 1355 1244 XXIX.
1402 1183 1575 1244 Tum
1614 1182 1867 1243 Fabius
1910 1183 2127 1260 primo
2168 1182 2463 1243 clamore
2498 1185 2533 1235 1

376 1284 774 1364 paventium
814 1282 1074 1360 audito,
1121 1283 1276 1343 dein
1319 1288 1683 1359 conspecta
1728 1283 1961 1360 procul
2001 1282 2279 1343 turbata
2320 1282 2464 1343 acie

372 1385 501 1446 ‘Ita
561 1386 710 1462 est’,
769 1384 995 1462 inquit
1055 1383 1218 1444 ‘non
1277 1382 1559 1444 celerius
1625 1399 1833 1460 quam
1868 1381 2068 1442 timui
2110 1382 2466 1459 deprendit

371 1484 647 1546 fortuna
684 1482 1158 1545 temeritatem.
1250 1481 1460 1543 Fabio
1502 1488 1837 1559 aequatus
1876 1480 2163 1559 imperio
2202 1481 2465 1542 Hanni-
2494 1489 2535 1539 2

375 1586 599 1646 halem
655 1591 722 1645 et
782 1584 1030 1646 virtute
1091 1589 1158 1643 et
1215 1582 1493 1644 fortuna
1550 1582 1969 1659 superiorem
2026 1581 2237 1642 videt.
2330 1581 2462 1642 Sed

371 1684 558 1745 aliud
593 1683 908 1763 iurgandi
942 1681 1513 1759 suscensendique
1548 1687 1820 1759 tempus
1854 1680 2010 1757 erit3
2052 1698 2236 1742 nunc
2270 1681 2465 1760 signa

371 1791 560 1844 extra
605 1785 866 1844 vallum
916 1782 1236 1861 proferte:
1284 1781 1643 1843 victoriam
1688 1781 1868 1842 hosti
1916 1787 2464 1859 extorqueamuS,

371 1883 864 1945 confessionem
919 1881 1161 1943 erroris
1215 1879 1530 1942 civibus!
1618 1881 1769 1940 Iam
1823 1897 2075 1959 magna
2129 1898 2210 1942 ex
2270 1888 2461 1958 parte
2494 1883 2535 1934 3

371 1984 584 2044 caesis
618 1982 792 2060 aliis,
827 1980 977 2043 aliis
1011 1979 1735 2058 circumspectantibus
1783 1979 2021 2059 fugam
2054 1979 2359 2041 Fabiana
2392 1999 2463 2041 se

370 2083 550 2144 acies
581 2088 855 2160 repente
890 2082 1078 2143 velut
1111 2082 1298 2142 caelo
1336 2080 1627 2141 demissa
1659 2081 1749 2142 ad
1782 2080 2114 2141 auxilium
2145 2080 2493 2142 ostendit.-

372 2183 640 2260 Itaque,
661 2182 845 2260 prius
853 2199 1058 2260 quam
1082 2181 1172 2243 ad
1199 2179 1583 2240 coniectum
1603 2179 1723 2240 teli
1750 2179 2010 2241 veniret
2034 2187 2155 2242 aut
2180 2197 2463 2240 manum
2495 2186 2536 2237 4

375 2289 776 2359 consereret,
829 2289 896 2343 et
947 2298 1106 2344 suos
1158 2299 1202 2342 a
1251 2279 1418 2358 fuga
1467 2279 1687 2340 effusa
1738 2285 1806 2340 et
1858 2280 1949 2340 ab
2000 2278 2204 2340 nimis
2254 2279 2463 2340 feroci

379 2400 605 2461 pugna
664 2381 880 2443 hostis
940 2379 1296 2442 continuit.
1386 2378 1518 2457 Qui
1577 2378 1815 2440 solutis
1877 2379 2230 2440 ordinibus
2291 2397 2463 2457 vage

378 2481 684 2560 dissipati
707 2487 924 2558 erant,
945 2479 1248 2558 undique
1275 2479 1725 2557 confugerunt
1747 2479 1839 2539 ad
1860 2478 2195 2557 integram
2218 2478 2465 2555 aciem3

379 2582 494 2658 qui
547 2583 770 2659 plures
819 2580 1023 2642 simul
1071 2587 1262 2659 terga
1315 2579 1664 2654 dederant,
1716 2577 2025 2639 conversi
2074 2577 2147 2637 in
2196 2578 2463 2640 hostem
2494 2587 2531 2637 5

373 2682 860 2758 volventesque
900 2679 1136 2741 orbem
1172 2695 1353 2739 nunc
1393 2677 1647 2738 sensim
1684 2678 1930 2738 referre
1975 2679 2239 2757 pedem,
2277 2696 2462 2741 nunc

373 2779 759 2860 conglobati
793 2784 1066 2842 restare.
1155 2779 1251 2838 Ac
1287 2777 1426 2838 iam
1465 2795 1675 2856 prope
1709 2795 1851 2838 una
1885 2777 2065 2840 acies
2099 2777 2283 2838 facta
2318 2785 2463 2840 erat

375 2879 536 2940 victi
594 2887 802 2958 atque
860 2876 1102 2955 integri
1161 2877 1493 2939 exercitus
1552 2876 2078 2956 inferebantque
2138 2876 2331 2954 signa
2388 2877 2463 2936 in

370 2979 656 3057 hostem,
711 2996 869 3040 cum
920 2980 1184 3040 Poenus
1237 2976 1539 3054 receptui
1592 2975 1859 3053 cecinit,
1920 2977 2149 3054 palam
2200 2976 2459 3038 ferente
2493 2988 2531 3040 6

371 3078 756 3140 Hannibale
785 3078 877 3140 ab
907 3095 978 3138 se
1009 3076 1408 3152 Minucium,
1441 3093 1513 3137 se
1543 3076 1635 3136 ab
1666 3075 1880 3136 Fabio
1916 3076 2195 3137 victum.

532 3179 639 3239 Ita
677 3195 794 3257 per
831 3177 1092 3238 variam
1123 3176 1474 3238 fortunam
1513 3175 1644 3236 diei
1696 3175 1953 3236 maiore
1993 3182 2180 3254 parte
2222 3183 2457 3236 exacta
2492 3191 2529 3242 7

371 3297 528 3340 cum
559 3278 634 3338 in
667 3283 888 3339 castra
921 3276 1216 3338 reditum
1249 3282 1445 3353 esset,
1481 3275 1821 3336 Minucius
1856 3274 2249 3336 convocatis
2284 3275 2457 3334 mili-
2491 3287 2530 3340 8

419 3495 500 3536 12.
537 3492 836 3536 tumulum:
855 3491 1015 3532 direct
1026 3491 1192 3539 object
1203 3491 1258 3530 of
1267 3500 1364 3530 suc-
1511 3492 1560 3535 8.
1612 3490 1879 3535 rubiana:
1899 3492 1963 3531 cr.
1984 3489 2313 3530 serr-manum.
2338 3491 2397 3528 11.
2416 3489 2455 3528 a

367 3561 556 3611 adeum·
571 3559 636 3598 ad
645 3559 878 3598 tumulum
895 3559 1062 3598 would
1075 3560 1134 3598 be
1145 3559 1362 3607 regular.
1512 3559 1559 3600 δ.
1611 3558 1905 3602 volventes
1922 3559 2130 3601 orbem:
2150 3557 2410 3604 “tot-ming
2427 3566 2459 3595 a

419 3627 498 3671 1⁸.
549 3625 750 3671 futura
801 3627 989 3674 (esser
1041 3634 1110 3664 sc.
1173 3633 1365 3674 pugnus,-
1458 3625 1623 3664 circle.
1632 3626 1661 3643 ··
1708 3625 1783 3665 Cr
1800 3625 1863 3663 21
1882 3625 1946 3664 56.
1966 3625 2005 3663 2.

369 3694 532 3734 forms
545 3693 636 3733 the
657 3692 896 3744 apodosis
913 3692 968 3731 ot
991 3691 1082 3731 the
1097 3691 1366 3742 preceding
1510 3691 1561 3734 6.
1612 3690 1889 3740 receptui:
1926 3689 2101 3730 datlve
2123 3690 2179 3728 ot
2211 3697 2454 3739 purpose:

373 3760 454 3801 σί.
525 3759 698 3800 ..met
1461 3759 1623 3804 “gave
1632 3756 1719 3796 the
1730 3757 1877 3804 siagn
1848 3757 1991 3795 ιιι-110
2000 3757 2223 3794 retreat!
2228 3753 2459 3804 palm

417 3826 602 3868 1111.
635 3822 1362 3876 2.aequatua.sc.1·n1ca·m.
1459 3822 1933 3872 ferento:·⁶crying
1956 3823 2141 3862 aloudss
