<?xml version="1.0" encoding="UTF-8"?>
<!DOCTYPE html PUBLIC "-//W3C//DTD XHTML 1.0 Transitional//EN"
    "http://www.w3.org/TR/xhtml1/DTD/xhtml1-transitional.dtd">
<html xmlns="http://www.w3.org/1999/xhtml" xml:lang="en" lang="en">
 <head>
  <title>
</title>
<meta http-equiv="Content-Type" content="text/html;charset=utf-8" />
  <meta name='ocr-system' content='tesseract 3.04.00' />
  <meta name='ocr-capabilities' content='ocr_page ocr_carea ocr_par ocr_line ocrx_word'/>
</head>
<body>
  <div class='ocr_page' id='page_1' title='image "./livywarwithhann00livygoog_0078.png"; bbox 0 0 2967 4384; ppageno 0'>
   <div class='ocr_carea' id='block_1_1' title="bbox 507 236 2606 304">
    <p class='ocr_par' dir='ltr' id='par_1_1' title="bbox 507 236 2606 304">
     <span class='ocr_line' id='line_1_1' title="bbox 507 236 2606 304; baseline -0.001 -11"><span class='ocrx_word' id='word_1_1' title='bbox 507 239 582 293; x_wconf 75' lang='lat'>‘14</span> <span class='ocrx_word' id='word_1_2' title='bbox 1422 237 1489 291; x_wconf 74' lang='grc' dir='ltr'>τ.</span> <span class='ocrx_word' id='word_1_3' title='bbox 1528 237 1695 292; x_wconf 71' lang='lat' dir='ltr'>uu</span> <span class='ocrx_word' id='word_1_4' title='bbox 2320 236 2541 304; x_wconf 68' lang='lat' dir='ltr'>[xxviii.</span> <span class='ocrx_word' id='word_1_5' title='bbox 2568 239 2606 290; x_wconf 82' lang='lat'><em>2</em></span> 
     </span>
    </p>
   </div>
   <div class='ocr_carea' id='block_1_2' title="bbox 400 406 2608 3482">
    <p class='ocr_par' dir='ltr' id='par_1_2' title="bbox 400 406 2608 3482">
     <span class='ocr_line' id='line_1_2' title="bbox 511 406 2602 488; baseline -0.001 -18"><span class='ocrx_word' id='word_1_6' title='bbox 511 410 782 473; x_wconf 90' lang='lat' dir='ltr'>ritatem</span> <span class='ocrx_word' id='word_1_7' title='bbox 837 429 906 474; x_wconf 92' lang='lat' dir='ltr'>se</span> <span class='ocrx_word' id='word_1_8' title='bbox 964 428 1087 473; x_wconf 92' lang='lat' dir='ltr'>suo</span> <span class='ocrx_word' id='word_1_9' title='bbox 1143 411 1349 472; x_wconf 98' lang='lat' dir='ltr'>modo</span> <span class='ocrx_word' id='word_1_10' title='bbox 1406 415 1841 488; x_wconf 82' lang='lat' dir='ltr'><strong>captaturum</strong></span> <span class='ocrx_word' id='word_1_11' title='bbox 1897 414 1963 470; x_wconf 93' lang='lat' dir='ltr'>et</span> <span class='ocrx_word' id='word_1_12' title='bbox 2018 407 2353 470; x_wconf 81' lang='lat' dir='ltr'>sollertiae</span> <span class='ocrx_word' id='word_1_13' title='bbox 2411 406 2602 469; x_wconf 82' lang='lat' dir='ltr'><strong>Fabii</strong></span> 
     </span>
     <span class='ocr_line' id='line_1_3' title="bbox 439 507 2603 572; baseline 0 -4"><span class='ocrx_word' id='word_1_14' title='bbox 439 515 476 567; x_wconf 80' lang='grc'>3</span> <span class='ocrx_word' id='word_1_15' title='bbox 515 510 872 572; x_wconf 90' lang='lat' dir='ltr'>dimidium</span> <span class='ocrx_word' id='word_1_16' title='bbox 901 510 1152 572; x_wconf 83' lang='lat' dir='ltr'>virium</span> <span class='ocrx_word' id='word_1_17' title='bbox 1183 510 1563 572; x_wconf 81' lang='lat' dir='ltr'>decessisse.</span> <span class='ocrx_word' id='word_1_18' title='bbox 1655 509 1983 570; x_wconf 86' lang='lat' dir='ltr'>Tumulus</span> <span class='ocrx_word' id='word_1_19' title='bbox 2009 513 2153 570; x_wconf 90' lang='lat' dir='ltr'>erat</span> <span class='ocrx_word' id='word_1_20' title='bbox 2180 507 2357 570; x_wconf 90' lang='lat' dir='ltr'>inter</span> <span class='ocrx_word' id='word_1_21' title='bbox 2383 513 2603 569; x_wconf 92' lang='lat' dir='ltr'>castra</span> 
     </span>
     <span class='ocr_line' id='line_1_4' title="bbox 511 606 2603 688; baseline -0.001 -18"><span class='ocrx_word' id='word_1_22' title='bbox 511 609 790 671; x_wconf 80' lang='lat' dir='ltr'>Minucii</span> <span class='ocrx_word' id='word_1_23' title='bbox 819 616 885 672; x_wconf 90' lang='lat' dir='ltr'>et</span> <span class='ocrx_word' id='word_1_24' title='bbox 913 610 1318 688; x_wconf 89' lang='lat' dir='ltr'>Poenorum,</span> <span class='ocrx_word' id='word_1_25' title='bbox 1353 625 1557 688; x_wconf 91' lang='lat' dir='ltr'>quem</span> <span class='ocrx_word' id='word_1_26' title='bbox 1588 608 1703 688; x_wconf 89' lang='lat' dir='ltr'>qui</span> <span class='ocrx_word' id='word_1_27' title='bbox 1733 613 2152 686; x_wconf 85' lang='lat' dir='ltr'>occupasset,</span> <span class='ocrx_word' id='word_1_28' title='bbox 2180 607 2368 670; x_wconf 91' lang='lat' dir='ltr'>haud</span> <span class='ocrx_word' id='word_1_29' title='bbox 2401 606 2603 669; x_wconf 89' lang='lat' dir='ltr'>dubie</span> 
     </span>
     <span class='ocr_line' id='line_1_5' title="bbox 441 708 2605 788; baseline 0.001 -20"><span class='ocrx_word' id='word_1_30' title='bbox 441 717 478 768; x_wconf 71' lang='lat'><em>4</em></span> <span class='ocrx_word' id='word_1_31' title='bbox 509 709 919 788; x_wconf 85' lang='lat' dir='ltr'>iniquiorem</span> <span class='ocrx_word' id='word_1_32' title='bbox 960 715 1104 772; x_wconf 90' lang='lat' dir='ltr'>erat</span> <span class='ocrx_word' id='word_1_33' title='bbox 1144 709 1326 772; x_wconf 93' lang='lat' dir='ltr'>hosti</span> <span class='ocrx_word' id='word_1_34' title='bbox 1373 711 1603 771; x_wconf 91' lang='lat' dir='ltr'>locum</span> <span class='ocrx_word' id='word_1_35' title='bbox 1642 708 1968 771; x_wconf 81' lang='lat' dir='ltr'>facturus.</span> <span class='ocrx_word' id='word_1_36' title='bbox 2060 709 2239 770; x_wconf 89' lang='lat' dir='ltr'>Eum</span> <span class='ocrx_word' id='word_1_37' title='bbox 2279 724 2417 768; x_wconf 90' lang='lat' dir='ltr'>non</span> <span class='ocrx_word' id='word_1_38' title='bbox 2457 713 2605 770; x_wconf 91' lang='lat' dir='ltr'>tam</span> 
     </span>
     <span class='ocr_line' id='line_1_6' title="bbox 512 807 2602 888; baseline -0 -18"><span class='ocrx_word' id='word_1_39' title='bbox 512 826 750 888; x_wconf 86' lang='lat' dir='ltr'>capere</span> <span class='ocrx_word' id='word_1_40' title='bbox 785 809 927 872; x_wconf 88' lang='lat' dir='ltr'>sine</span> <span class='ocrx_word' id='word_1_41' title='bbox 962 808 1328 872; x_wconf 85' lang='lat' dir='ltr'>certamine</span> <span class='ocrx_word' id='word_1_42' title='bbox 1364 809 1639 871; x_wconf 88' lang='lat' dir='ltr'>volebat</span> <span class='ocrx_word' id='word_1_43' title='bbox 1672 808 2043 887; x_wconf 83' lang='lat' dir='ltr'>Hannibal,</span> <span class='ocrx_word' id='word_1_44' title='bbox 2082 824 2499 886; x_wconf 92' lang='lat' dir='ltr'>quamquam</span> <span class='ocrx_word' id='word_1_45' title='bbox 2530 807 2602 868; x_wconf 95' lang='lat' dir='ltr'>id</span> 
     </span>
     <span class='ocr_line' id='line_1_7' title="bbox 513 906 2605 988; baseline -0.001 -17"><span class='ocrx_word' id='word_1_46' title='bbox 513 926 755 988; x_wconf 89' lang='lat' dir='ltr'>operae</span> <span class='ocrx_word' id='word_1_47' title='bbox 818 908 1110 988; x_wconf 91' lang='lat' dir='ltr'>pretium</span> <span class='ocrx_word' id='word_1_48' title='bbox 1166 917 1334 986; x_wconf 91' lang='lat' dir='ltr'>erat,</span> <span class='ocrx_word' id='word_1_49' title='bbox 1397 925 1607 988; x_wconf 91' lang='lat' dir='ltr'>quam</span> <span class='ocrx_word' id='word_1_50' title='bbox 1662 925 1944 971; x_wconf 92' lang='lat' dir='ltr'>causam</span> <span class='ocrx_word' id='word_1_51' title='bbox 1998 906 2387 970; x_wconf 89' lang='lat' dir='ltr'>certaminis</span> <span class='ocrx_word' id='word_1_52' title='bbox 2445 924 2605 969; x_wconf 92' lang='lat' dir='ltr'>cum</span> 
     </span>
     <span class='ocr_line' id='line_1_8' title="bbox 512 1005 2608 1088; baseline -0.001 -18"><span class='ocrx_word' id='word_1_53' title='bbox 512 1008 832 1088; x_wconf 80' lang='lat' dir='ltr'>Minucio,</span> <span class='ocrx_word' id='word_1_54' title='bbox 885 1026 1085 1088; x_wconf 89' lang='lat' dir='ltr'>quem</span> <span class='ocrx_word' id='word_1_55' title='bbox 1105 1005 1597 1088; x_wconf 69' lang='lat' dir='ltr'>‘procursurum</span> <span class='ocrx_word' id='word_1_56' title='bbox 1624 1009 1715 1070; x_wconf 91' lang='lat' dir='ltr'>ad</span> <span class='ocrx_word' id='word_1_57' title='bbox 1748 1007 2216 1070; x_wconf 89' lang='lat' dir='ltr'>obsistendum</span> <span class='ocrx_word' id='word_1_58' title='bbox 2245 1007 2409 1070; x_wconf 90' lang='lat' dir='ltr'>satis</span> <span class='ocrx_word' id='word_1_59' title='bbox 2438 1006 2608 1070; x_wconf 89' lang='lat' dir='ltr'>scie-</span> 
     </span>
     <span class='ocr_line' id='line_1_9' title="bbox 441 1106 2601 1189; baseline -0.001 -18"><span class='ocrx_word' id='word_1_60' title='bbox 441 1111 478 1164; x_wconf 75' lang='grc' dir='ltr'><strong>δ</strong></span> <span class='ocrx_word' id='word_1_61' title='bbox 516 1109 653 1186; x_wconf 90' lang='lat' dir='ltr'>bat,</span> <span class='ocrx_word' id='word_1_62' title='bbox 688 1110 1104 1172; x_wconf 88' lang='lat' dir='ltr'>contrahere.</span> <span class='ocrx_word' id='word_1_63' title='bbox 1195 1110 1370 1189; x_wconf 78' lang='lat' dir='ltr'>Ager</span> <span class='ocrx_word' id='word_1_64' title='bbox 1402 1107 1623 1171; x_wconf 87' lang='lat' dir='ltr'>omnis</span> <span class='ocrx_word' id='word_1_65' title='bbox 1654 1107 1919 1170; x_wconf 89' lang='lat' dir='ltr'>medius</span> <span class='ocrx_word' id='word_1_66' title='bbox 1953 1113 2096 1170; x_wconf 88' lang='lat' dir='ltr'>erat</span> <span class='ocrx_word' id='word_1_67' title='bbox 2133 1107 2351 1186; x_wconf 90' lang='lat' dir='ltr'>prima</span> <span class='ocrx_word' id='word_1_68' title='bbox 2381 1106 2601 1186; x_wconf 94' lang='lat' dir='ltr'>specie</span> 
     </span>
     <span class='ocr_line' id='line_1_10' title="bbox 509 1207 2607 1288; baseline 0 -19"><span class='ocrx_word' id='word_1_69' title='bbox 509 1208 768 1270; x_wconf 90' lang='lat' dir='ltr'>inutilis</span> <span class='ocrx_word' id='word_1_70' title='bbox 809 1209 1212 1288; x_wconf 88' lang='lat' dir='ltr'>insidiatori,</span> <span class='ocrx_word' id='word_1_71' title='bbox 1261 1208 1418 1288; x_wconf 90' lang='lat' dir='ltr'>quia</span> <span class='ocrx_word' id='word_1_72' title='bbox 1459 1226 1599 1269; x_wconf 90' lang='lat' dir='ltr'>non</span> <span class='ocrx_word' id='word_1_73' title='bbox 1640 1208 1845 1270; x_wconf 91' lang='lat' dir='ltr'>modo</span> <span class='ocrx_word' id='word_1_74' title='bbox 1888 1207 2191 1270; x_wconf 87' lang='lat' dir='ltr'>silvestre</span> <span class='ocrx_word' id='word_1_75' title='bbox 2240 1207 2607 1286; x_wconf 90' lang='lat' dir='ltr'>quicquam</span> 
     </span>
     <span class='ocr_line' id='line_1_11' title="bbox 442 1307 2603 1388; baseline 0.002 -22"><span class='ocrx_word' id='word_1_76' title='bbox 442 1314 480 1366; x_wconf 75' lang='grc'>6</span> <span class='ocrx_word' id='word_1_77' title='bbox 511 1309 630 1370; x_wconf 89' lang='lat' dir='ltr'>sed</span> <span class='ocrx_word' id='word_1_78' title='bbox 689 1326 773 1371; x_wconf 90' lang='lat' dir='ltr'>ne</span> <span class='ocrx_word' id='word_1_79' title='bbox 836 1310 1157 1388; x_wconf 88' lang='lat' dir='ltr'>vepribus</span> <span class='ocrx_word' id='word_1_80' title='bbox 1221 1309 1499 1388; x_wconf 92' lang='lat' dir='ltr'>quidem</span> <span class='ocrx_word' id='word_1_81' title='bbox 1557 1308 1879 1370; x_wconf 88' lang='lat' dir='ltr'>vestitum</span> <span class='ocrx_word' id='word_1_82' title='bbox 1937 1307 2263 1384; x_wconf 89' lang='lat' dir='ltr'>habebat,</span> <span class='ocrx_word' id='word_1_83' title='bbox 2323 1324 2393 1368; x_wconf 98' lang='lat' dir='ltr'>re</span> <span class='ocrx_word' id='word_1_84' title='bbox 2452 1307 2603 1386; x_wconf 89' lang='lat' dir='ltr'>ipsa</span> 
     </span>
     <span class='ocr_line' id='line_1_12' title="bbox 511 1405 2603 1488; baseline -0 -19"><span class='ocrx_word' id='word_1_85' title='bbox 511 1416 712 1471; x_wconf 90' lang='lat' dir='ltr'>natus</span> <span class='ocrx_word' id='word_1_86' title='bbox 777 1408 1083 1488; x_wconf 88' lang='lat' dir='ltr'>tegendis</span> <span class='ocrx_word' id='word_1_87' title='bbox 1142 1408 1406 1472; x_wconf 86' lang='lat' dir='ltr'>insidiis</span> <span class='ocrx_word' id='word_1_88' title='bbox 1455 1425 1535 1470; x_wconf 88' lang='lat' dir='ltr'>eo</span> <span class='ocrx_word' id='word_1_89' title='bbox 1576 1407 1817 1488; x_wconf 85' lang='lat' dir='ltr'>magis,</span> <span class='ocrx_word' id='word_1_90' title='bbox 1864 1407 2045 1486; x_wconf 94' lang='lat' dir='ltr'>quod</span> <span class='ocrx_word' id='word_1_91' title='bbox 2085 1405 2158 1468; x_wconf 91' lang='lat' dir='ltr'>in</span> <span class='ocrx_word' id='word_1_92' title='bbox 2199 1407 2387 1468; x_wconf 89' lang='lat' dir='ltr'>nuda</span> <span class='ocrx_word' id='word_1_93' title='bbox 2429 1407 2603 1468; x_wconf 88' lang='lat' dir='ltr'>valle</span> 
     </span>
     <span class='ocr_line' id='line_1_13' title="bbox 511 1506 2605 1587; baseline -0.001 -17"><span class='ocrx_word' id='word_1_94' title='bbox 511 1509 699 1570; x_wconf 90' lang='lat' dir='ltr'>nulla</span> <span class='ocrx_word' id='word_1_95' title='bbox 731 1509 886 1570; x_wconf 90' lang='lat' dir='ltr'>talis</span> <span class='ocrx_word' id='word_1_96' title='bbox 933 1509 1120 1570; x_wconf 83' lang='lat' dir='ltr'>fraus</span> <span class='ocrx_word' id='word_1_97' title='bbox 1157 1508 1380 1570; x_wconf 91' lang='lat' dir='ltr'>timeri</span> <span class='ocrx_word' id='word_1_98' title='bbox 1418 1515 1711 1587; x_wconf 89' lang='lat' dir='ltr'>poterat;</span> <span class='ocrx_word' id='word_1_99' title='bbox 1756 1513 1822 1570; x_wconf 90' lang='lat' dir='ltr'>et</span> <span class='ocrx_word' id='word_1_100' title='bbox 1854 1513 2047 1569; x_wconf 90' lang='lat' dir='ltr'>erant</span> <span class='ocrx_word' id='word_1_101' title='bbox 2078 1507 2151 1568; x_wconf 93' lang='lat' dir='ltr'>in</span> <span class='ocrx_word' id='word_1_102' title='bbox 2184 1506 2605 1569; x_wconf 82' lang='lat' dir='ltr'>anfractibus</span> 
     </span>
     <span class='ocr_line' id='line_1_14' title="bbox 512 1608 2605 1688; baseline -0.001 -18"><span class='ocrx_word' id='word_1_103' title='bbox 512 1626 721 1671; x_wconf 88' lang='lat' dir='ltr'>cavae</span> <span class='ocrx_word' id='word_1_104' title='bbox 757 1624 982 1686; x_wconf 82' lang='lat' dir='ltr'>rupeS,</span> <span class='ocrx_word' id='word_1_105' title='bbox 1020 1615 1097 1670; x_wconf 91' lang='lat' dir='ltr'>ut</span> <span class='ocrx_word' id='word_1_106' title='bbox 1137 1609 1476 1688; x_wconf 87' lang='lat' dir='ltr'>quaedam</span> <span class='ocrx_word' id='word_1_107' title='bbox 1511 1625 1748 1670; x_wconf 89' lang='lat' dir='ltr'>earum</span> <span class='ocrx_word' id='word_1_108' title='bbox 1786 1608 2081 1670; x_wconf 90' lang='lat' dir='ltr'>ducenos</span> <span class='ocrx_word' id='word_1_109' title='bbox 2116 1613 2415 1669; x_wconf 91' lang='lat' dir='ltr'>armatos</span> <span class='ocrx_word' id='word_1_110' title='bbox 2455 1623 2605 1685; x_wconf 92' lang='lat' dir='ltr'>pos-</span> 
     </span>
     <span class='ocr_line' id='line_1_15' title="bbox 441 1708 2604 1787; baseline 0 -21"><span class='ocrx_word' id='word_1_111' title='bbox 441 1713 478 1766; x_wconf 80' lang='grc'><strong>7</strong></span> <span class='ocrx_word' id='word_1_112' title='bbox 512 1715 661 1770; x_wconf 92' lang='lat' dir='ltr'>sent</span> <span class='ocrx_word' id='word_1_113' title='bbox 716 1725 976 1787; x_wconf 88' lang='lat' dir='ltr'>capere.</span> <span class='ocrx_word' id='word_1_114' title='bbox 1069 1708 1150 1769; x_wconf 91' lang='lat' dir='ltr'>In</span> <span class='ocrx_word' id='word_1_115' title='bbox 1202 1708 1329 1769; x_wconf 92' lang='lat' dir='ltr'>has</span> <span class='ocrx_word' id='word_1_116' title='bbox 1381 1708 1702 1785; x_wconf 77' lang='lat' dir='ltr'>latebraS,</span> <span class='ocrx_word' id='word_1_117' title='bbox 1764 1714 1927 1786; x_wconf 89' lang='lat' dir='ltr'>quot</span> <span class='ocrx_word' id='word_1_118' title='bbox 1987 1723 2322 1786; x_wconf 89' lang='lat' dir='ltr'>quemque</span> <span class='ocrx_word' id='word_1_119' title='bbox 2376 1708 2604 1769; x_wconf 93' lang='lat' dir='ltr'>locum</span> 
     </span>
     <span class='ocr_line' id='line_1_16' title="bbox 511 1806 2607 1887; baseline -0 -18"><span class='ocrx_word' id='word_1_120' title='bbox 511 1814 667 1886; x_wconf 90' lang='lat' dir='ltr'>apte</span> <span class='ocrx_word' id='word_1_121' title='bbox 708 1807 998 1870; x_wconf 88' lang='lat' dir='ltr'>insidere</span> <span class='ocrx_word' id='word_1_122' title='bbox 1043 1813 1377 1887; x_wconf 89' lang='lat' dir='ltr'>poterant,</span> <span class='ocrx_word' id='word_1_123' title='bbox 1424 1807 1722 1887; x_wconf 89' lang='lat' dir='ltr'>quinque</span> <span class='ocrx_word' id='word_1_124' title='bbox 1762 1806 1951 1868; x_wconf 91' lang='lat' dir='ltr'>milia</span> <span class='ocrx_word' id='word_1_125' title='bbox 1992 1807 2379 1868; x_wconf 89' lang='lat' dir='ltr'>conduntur</span> <span class='ocrx_word' id='word_1_126' title='bbox 2422 1806 2607 1886; x_wconf 91' lang='lat' dir='ltr'>pedi-</span> 
     </span>
     <span class='ocr_line' id='line_1_17' title="bbox 441 1905 2607 1986; baseline 0 -18"><span class='ocrx_word' id='word_1_127' title='bbox 441 1915 480 1968; x_wconf 82' lang='grc'><strong>8</strong></span> <span class='ocrx_word' id='word_1_128' title='bbox 510 1914 659 1969; x_wconf 90' lang='lat' dir='ltr'>tum</span> <span class='ocrx_word' id='word_1_129' title='bbox 721 1907 1186 1986; x_wconf 89' lang='lat' dir='ltr'>equitumque.</span> <span class='ocrx_word' id='word_1_130' title='bbox 1277 1907 1535 1969; x_wconf 81' lang='lat' dir='ltr'>Necubi</span> <span class='ocrx_word' id='word_1_131' title='bbox 1596 1913 1827 1968; x_wconf 89' lang='lat' dir='ltr'>tamen</span> <span class='ocrx_word' id='word_1_132' title='bbox 1890 1912 2009 1968; x_wconf 93' lang='lat' dir='ltr'>aut</span> <span class='ocrx_word' id='word_1_133' title='bbox 2054 1913 2283 1968; x_wconf 92' lang='lat' dir='ltr'>motus</span> <span class='ocrx_word' id='word_1_134' title='bbox 2321 1905 2607 1968; x_wconf 90' lang='lat' dir='ltr'>alicuius</span> 
     </span>
     <span class='ocr_line' id='line_1_18' title="bbox 509 2004 2604 2086; baseline 0 -18"><span class='ocrx_word' id='word_1_135' title='bbox 509 2013 759 2069; x_wconf 90' lang='lat' dir='ltr'>temere</span> <span class='ocrx_word' id='word_1_136' title='bbox 809 2007 1056 2086; x_wconf 85' lang='lat' dir='ltr'>egressi</span> <span class='ocrx_word' id='word_1_137' title='bbox 1106 2013 1225 2070; x_wconf 91' lang='lat' dir='ltr'>aut</span> <span class='ocrx_word' id='word_1_138' title='bbox 1275 2007 1501 2086; x_wconf 82' lang='lat' dir='ltr'>fulgor</span> <span class='ocrx_word' id='word_1_139' title='bbox 1547 2023 1893 2068; x_wconf 90' lang='lat' dir='ltr'>armorum</span> <span class='ocrx_word' id='word_1_140' title='bbox 1942 2005 2258 2067; x_wconf 81' lang='lat' dir='ltr'>fraudem</span> <span class='ocrx_word' id='word_1_141' title='bbox 2305 2004 2378 2066; x_wconf 93' lang='lat' dir='ltr'>in</span> <span class='ocrx_word' id='word_1_142' title='bbox 2429 2006 2604 2068; x_wconf 88' lang='lat' dir='ltr'>valle</span> 
     </span>
     <span class='ocr_line' id='line_1_19' title="bbox 510 2105 2604 2186; baseline 0 -18"><span class='ocrx_word' id='word_1_143' title='bbox 510 2112 654 2168; x_wconf 90' lang='lat' dir='ltr'>tam</span> <span class='ocrx_word' id='word_1_144' title='bbox 714 2112 952 2186; x_wconf 89' lang='lat' dir='ltr'>aperta</span> <span class='ocrx_word' id='word_1_145' title='bbox 1017 2107 1374 2186; x_wconf 85' lang='lat' dir='ltr'>detegeret,</span> <span class='ocrx_word' id='word_1_146' title='bbox 1437 2106 1660 2168; x_wconf 90' lang='lat' dir='ltr'>missis</span> <span class='ocrx_word' id='word_1_147' title='bbox 1726 2106 1957 2184; x_wconf 93' lang='lat' dir='ltr'>paucis</span> <span class='ocrx_word' id='word_1_148' title='bbox 2024 2105 2243 2184; x_wconf 90' lang='lat' dir='ltr'>prima</span> <span class='ocrx_word' id='word_1_149' title='bbox 2302 2106 2451 2166; x_wconf 92' lang='lat' dir='ltr'>luce</span> <span class='ocrx_word' id='word_1_150' title='bbox 2514 2106 2604 2168; x_wconf 92' lang='lat' dir='ltr'>ad</span> 
     </span>
     <span class='ocr_line' id='line_1_20' title="bbox 510 2204 2603 2285; baseline -0 -18"><span class='ocrx_word' id='word_1_151' title='bbox 510 2206 920 2284; x_wconf 90' lang='lat' dir='ltr'>capiendum</span> <span class='ocrx_word' id='word_1_152' title='bbox 965 2223 1165 2285; x_wconf 90' lang='lat' dir='ltr'>quem</span> <span class='ocrx_word' id='word_1_153' title='bbox 1195 2213 1350 2268; x_wconf 91' lang='lat' dir='ltr'>ante</span> <span class='ocrx_word' id='word_1_154' title='bbox 1388 2205 1679 2268; x_wconf 81' lang='lat' dir='ltr'>diximus</span> <span class='ocrx_word' id='word_1_155' title='bbox 1710 2206 2053 2267; x_wconf 89' lang='lat' dir='ltr'>tumulum</span> <span class='ocrx_word' id='word_1_156' title='bbox 2095 2204 2355 2278; x_wconf 44' lang='lat' dir='ltr'>avertit·</span> <span class='ocrx_word' id='word_1_157' title='bbox 2376 2206 2603 2266; x_wconf 92' lang='lat' dir='ltr'>oculos</span> 
     </span>
     <span class='ocr_line' id='line_1_21' title="bbox 438 2304 2604 2384; baseline 0.003 -24"><span class='ocrx_word' id='word_1_158' title='bbox 438 2309 476 2360; x_wconf 79' lang='grc'>9</span> <span class='ocrx_word' id='word_1_159' title='bbox 509 2305 828 2368; x_wconf 89' lang='lat' dir='ltr'>hostium.</span> <span class='ocrx_word' id='word_1_160' title='bbox 920 2305 1145 2366; x_wconf 90' lang='lat' dir='ltr'>Primo</span> <span class='ocrx_word' id='word_1_161' title='bbox 1179 2306 1412 2368; x_wconf 90' lang='lat' dir='ltr'>statim</span> <span class='ocrx_word' id='word_1_162' title='bbox 1445 2311 1814 2384; x_wconf 90' lang='lat' dir='ltr'>conspectu</span> <span class='ocrx_word' id='word_1_163' title='bbox 1847 2311 2239 2383; x_wconf 90' lang='lat' dir='ltr'>contempta</span> <span class='ocrx_word' id='word_1_164' title='bbox 2275 2304 2604 2383; x_wconf 91' lang='lat' dir='ltr'>paucitas,</span> 
     </span>
     <span class='ocr_line' id='line_1_22' title="bbox 509 2403 2604 2490; baseline 0 -24"><span class='ocrx_word' id='word_1_165' title='bbox 509 2423 588 2466; x_wconf 91' lang='lat' dir='ltr'>ac</span> <span class='ocrx_word' id='word_1_166' title='bbox 651 2405 780 2466; x_wconf 89' lang='lat' dir='ltr'>sibi</span> <span class='ocrx_word' id='word_1_167' title='bbox 849 2405 1160 2490; x_wconf 40' lang='lat' dir='ltr'>quisque·</span> <span class='ocrx_word' id='word_1_168' title='bbox 1199 2405 1557 2484; x_wconf 88' lang='lat' dir='ltr'>deposcere</span> <span class='ocrx_word' id='word_1_169' title='bbox 1625 2404 1969 2483; x_wconf 89' lang='lat' dir='ltr'>pellendos</span> <span class='ocrx_word' id='word_1_170' title='bbox 2030 2404 2188 2465; x_wconf 88' lang='lat' dir='ltr'>inde</span> <span class='ocrx_word' id='word_1_171' title='bbox 2250 2403 2464 2466; x_wconf 89' lang='lat' dir='ltr'>hostis</span> <span class='ocrx_word' id='word_1_172' title='bbox 2525 2422 2604 2466; x_wconf 93' lang='lat' dir='ltr'>ac</span> 
     </span>
     <span class='ocr_line' id='line_1_23' title="bbox 507 2502 2605 2583; baseline 0 -18"><span class='ocrx_word' id='word_1_173' title='bbox 507 2505 735 2566; x_wconf 90' lang='lat' dir='ltr'>locum</span> <span class='ocrx_word' id='word_1_174' title='bbox 787 2504 1226 2583; x_wconf 90' lang='lat' dir='ltr'>capiendum;</span> <span class='ocrx_word' id='word_1_175' title='bbox 1293 2505 1426 2566; x_wconf 84' lang='lat' dir='ltr'>dux</span> <span class='ocrx_word' id='word_1_176' title='bbox 1494 2503 1638 2582; x_wconf 88' lang='lat' dir='ltr'>ipse</span> <span class='ocrx_word' id='word_1_177' title='bbox 1679 2503 1854 2565; x_wconf 91' lang='lat' dir='ltr'>inter</span> <span class='ocrx_word' id='word_1_178' title='bbox 1905 2502 2377 2565; x_wconf 90' lang='lat' dir='ltr'>stolidissimos</span> <span class='ocrx_word' id='word_1_179' title='bbox 2428 2504 2605 2566; x_wconf 81' lang='lat' dir='ltr'>fero-</span> 
     </span>
     <span class='ocr_line' id='line_1_24' title="bbox 509 2602 2604 2683; baseline 0 -17"><span class='ocrx_word' id='word_1_180' title='bbox 509 2604 947 2682; x_wconf 90' lang='lat' dir='ltr'>cissimosque</span> <span class='ocrx_word' id='word_1_181' title='bbox 1005 2605 1094 2666; x_wconf 90' lang='lat' dir='ltr'>ad</span> <span class='ocrx_word' id='word_1_182' title='bbox 1153 2621 1344 2666; x_wconf 91' lang='lat' dir='ltr'>arma</span> <span class='ocrx_word' id='word_1_183' title='bbox 1402 2609 1603 2665; x_wconf 83' lang='lat' dir='ltr'>vocat</span> <span class='ocrx_word' id='word_1_184' title='bbox 1662 2608 1727 2664; x_wconf 90' lang='lat' dir='ltr'>et</span> <span class='ocrx_word' id='word_1_185' title='bbox 1786 2602 1981 2666; x_wconf 85' lang='lat' dir='ltr'>vanis</span> <span class='ocrx_word' id='word_1_186' title='bbox 2038 2602 2241 2664; x_wconf 89' lang='lat' dir='ltr'>minis</span> <span class='ocrx_word' id='word_1_187' title='bbox 2297 2602 2604 2683; x_wconf 85' lang='lat' dir='ltr'>increpat</span> 
     </span>
     <span class='ocr_line' id='line_1_25' title="bbox 400 2702 2602 2782; baseline 0.003 -23"><span class='ocrx_word' id='word_1_188' title='bbox 400 2709 474 2760; x_wconf 83' lang='lat'>10</span> <span class='ocrx_word' id='word_1_189' title='bbox 509 2705 795 2766; x_wconf 87' lang='lat' dir='ltr'>hostem.</span> <span class='ocrx_word' id='word_1_190' title='bbox 887 2702 1224 2782; x_wconf 90' lang='lat' dir='ltr'>Principio</span> <span class='ocrx_word' id='word_1_191' title='bbox 1270 2705 1494 2765; x_wconf 88' lang='lat' dir='ltr'>levem</span> <span class='ocrx_word' id='word_1_192' title='bbox 1539 2709 1961 2765; x_wconf 90' lang='lat' dir='ltr'>armaturam</span> <span class='ocrx_word' id='word_1_193' title='bbox 2010 2702 2310 2780; x_wconf 84' lang='lat' dir='ltr'>dimittit,</span> <span class='ocrx_word' id='word_1_194' title='bbox 2363 2702 2602 2765; x_wconf 90' lang='lat' dir='ltr'>deinde</span> 
     </span>
     <span class='ocr_line' id='line_1_26' title="bbox 510 2803 2604 2882; baseline -0.001 -17"><span class='ocrx_word' id='word_1_195' title='bbox 510 2803 811 2865; x_wconf 83' lang='lat' dir='ltr'>conferto</span> <span class='ocrx_word' id='word_1_196' title='bbox 841 2803 1108 2882; x_wconf 81' lang='lat' dir='ltr'>agmine</span> <span class='ocrx_word' id='word_1_197' title='bbox 1139 2803 1345 2864; x_wconf 88' lang='lat' dir='ltr'>mittit</span> <span class='ocrx_word' id='word_1_198' title='bbox 1375 2803 1667 2881; x_wconf 90' lang='lat' dir='ltr'>equites;</span> <span class='ocrx_word' id='word_1_199' title='bbox 1718 2808 2079 2881; x_wconf 89' lang='lat' dir='ltr'>postremo,</span> <span class='ocrx_word' id='word_1_200' title='bbox 2110 2819 2266 2863; x_wconf 93' lang='lat' dir='ltr'>cum</span> <span class='ocrx_word' id='word_1_201' title='bbox 2293 2803 2604 2865; x_wconf 89' lang='lat' dir='ltr'>hostibus</span> 
     </span>
     <span class='ocr_line' id='line_1_27' title="bbox 515 2901 2606 2982; baseline -0 -17"><span class='ocrx_word' id='word_1_202' title='bbox 515 2921 782 2982; x_wconf 90' lang='lat' dir='ltr'>quoque</span> <span class='ocrx_word' id='word_1_203' title='bbox 813 2903 1115 2966; x_wconf 90' lang='lat' dir='ltr'>subsidia</span> <span class='ocrx_word' id='word_1_204' title='bbox 1145 2903 1321 2965; x_wconf 88' lang='lat' dir='ltr'>mitti</span> <span class='ocrx_word' id='word_1_205' title='bbox 1355 2903 1637 2980; x_wconf 89' lang='lat' dir='ltr'>videret,</span> <span class='ocrx_word' id='word_1_206' title='bbox 1669 2901 2013 2965; x_wconf 89' lang='lat' dir='ltr'>instructis</span> <span class='ocrx_word' id='word_1_207' title='bbox 2042 2901 2420 2981; x_wconf 87' lang='lat' dir='ltr'>legionibus</span> <span class='ocrx_word' id='word_1_208' title='bbox 2454 2919 2606 2982; x_wconf 92' lang='lat' dir='ltr'>pro-</span> 
     </span>
     <span class='ocr_line' id='line_1_28' title="bbox 403 3001 2605 3081; baseline 0 -17"><span class='ocrx_word' id='word_1_209' title='bbox 403 3005 472 3056; x_wconf 83' lang='lat'>11</span> <span class='ocrx_word' id='word_1_210' title='bbox 511 3003 708 3066; x_wconf 91' lang='lat' dir='ltr'>cedit.</span> <span class='ocrx_word' id='word_1_211' title='bbox 800 3003 885 3064; x_wconf 92' lang='lat' dir='ltr'>Et</span> <span class='ocrx_word' id='word_1_212' title='bbox 933 3001 1280 3064; x_wconf 82' lang='lat' dir='ltr'>Hannibal</span> <span class='ocrx_word' id='word_1_213' title='bbox 1325 3001 1799 3064; x_wconf 90' lang='lat' dir='ltr'>laborantibus</span> <span class='ocrx_word' id='word_1_214' title='bbox 1847 3001 1986 3064; x_wconf 90' lang='lat' dir='ltr'>suis</span> <span class='ocrx_word' id='word_1_215' title='bbox 2034 3001 2167 3063; x_wconf 93' lang='lat' dir='ltr'>alia</span> <span class='ocrx_word' id='word_1_216' title='bbox 2214 3007 2419 3081; x_wconf 90' lang='lat' dir='ltr'>atque</span> <span class='ocrx_word' id='word_1_217' title='bbox 2469 3001 2605 3064; x_wconf 90' lang='lat' dir='ltr'>alia</span> 
     </span>
     <span class='ocr_line' id='line_1_29' title="bbox 511 3100 2605 3180; baseline -0 -17"><span class='ocrx_word' id='word_1_218' title='bbox 511 3110 846 3166; x_wconf 87' lang='lat' dir='ltr'>crescente</span> <span class='ocrx_word' id='word_1_219' title='bbox 891 3101 1256 3164; x_wconf 88' lang='lat' dir='ltr'>certamine</span> <span class='ocrx_word' id='word_1_220' title='bbox 1299 3102 1577 3164; x_wconf 90' lang='lat' dir='ltr'>mittens</span> <span class='ocrx_word' id='word_1_221' title='bbox 1621 3100 1873 3164; x_wconf 85' lang='lat' dir='ltr'>auxilia</span> <span class='ocrx_word' id='word_1_222' title='bbox 1918 3101 2223 3180; x_wconf 91' lang='lat' dir='ltr'>peditum</span> <span class='ocrx_word' id='word_1_223' title='bbox 2266 3102 2605 3180; x_wconf 90' lang='lat' dir='ltr'>equitum-</span> 
     </span>
     <span class='ocr_line' id='line_1_30' title="bbox 515 3200 2601 3282; baseline 0 -18"><span class='ocrx_word' id='word_1_224' title='bbox 515 3221 641 3282; x_wconf 93' lang='lat' dir='ltr'>que</span> <span class='ocrx_word' id='word_1_225' title='bbox 693 3203 834 3264; x_wconf 91' lang='lat' dir='ltr'>iam</span> <span class='ocrx_word' id='word_1_226' title='bbox 883 3202 1136 3264; x_wconf 91' lang='lat' dir='ltr'>iustam</span> <span class='ocrx_word' id='word_1_227' title='bbox 1185 3203 1573 3281; x_wconf 81' lang='lat' dir='ltr'>expleverat</span> <span class='ocrx_word' id='word_1_228' title='bbox 1626 3200 1866 3279; x_wconf 93' lang='lat' dir='ltr'>aciem,</span> <span class='ocrx_word' id='word_1_229' title='bbox 1918 3218 1997 3263; x_wconf 92' lang='lat' dir='ltr'>ac</span> <span class='ocrx_word' id='word_1_230' title='bbox 2050 3200 2209 3262; x_wconf 91' lang='lat' dir='ltr'>totis</span> <span class='ocrx_word' id='word_1_231' title='bbox 2262 3202 2601 3281; x_wconf 88' lang='lat' dir='ltr'>utrimque</span> 
     </span>
     <span class='ocr_line' id='line_1_31' title="bbox 512 3301 2603 3365; baseline -0.001 0"><span class='ocrx_word' id='word_1_232' title='bbox 512 3303 770 3365; x_wconf 90' lang='lat' dir='ltr'>viribus</span> <span class='ocrx_word' id='word_1_233' title='bbox 860 3308 1173 3364; x_wconf 91' lang='lat' dir='ltr'>certatur.</span> <span class='ocrx_word' id='word_1_234' title='bbox 1305 3301 1532 3362; x_wconf 90' lang='lat' dir='ltr'>Prima</span> <span class='ocrx_word' id='word_1_235' title='bbox 1602 3301 1773 3362; x_wconf 83' lang='lat' dir='ltr'>levis</span> <span class='ocrx_word' id='word_1_236' title='bbox 1844 3306 2192 3362; x_wconf 91' lang='lat' dir='ltr'>armatura</span> <span class='ocrx_word' id='word_1_237' title='bbox 2264 3301 2603 3362; x_wconf 91' lang='lat' dir='ltr'>Romano·</span> 
     </span>
     <span class='ocr_line' id='line_1_32' title="bbox 401 3400 2603 3482; baseline -0.001 -18"><span class='ocrx_word' id='word_1_238' title='bbox 401 3403 474 3455; x_wconf 83' lang='lat'>12</span> <span class='ocrx_word' id='word_1_239' title='bbox 509 3421 684 3478; x_wconf 91' lang='lat' dir='ltr'>rum,</span> <span class='ocrx_word' id='word_1_240' title='bbox 777 3407 1348 3482; x_wconf 91' lang='lat' dir='ltr'>praeoccupatum</span> <span class='ocrx_word' id='word_1_241' title='bbox 1433 3419 1513 3462; x_wconf 83' lang='lat' dir='ltr'>ex</span> <span class='ocrx_word' id='word_1_242' title='bbox 1600 3400 1915 3462; x_wconf 82' lang='lat' dir='ltr'>inferiore</span> <span class='ocrx_word' id='word_1_243' title='bbox 1992 3401 2140 3461; x_wconf 94' lang='lat' dir='ltr'>loco</span> <span class='ocrx_word' id='word_1_244' title='bbox 2237 3402 2603 3463; x_wconf 90' lang='lat' dir='ltr'>succedens</span> 
     </span>
    </p>
   </div>
   <div class='ocr_carea' id='block_1_3' title="bbox 842 3503 1104 3510">
    <p class='ocr_par' dir='ltr' id='par_1_3' title="bbox 842 3503 1104 3510">
     <span class='ocr_line' id='line_1_33' title="bbox 842 3503 1104 3510; baseline 0 0"><span class='ocrx_word' id='word_1_245' title='bbox 842 3503 1104 3510; x_wconf 95' lang='lat' dir='ltr'> </span> 
     </span>
    </p>
   </div>
   <div class='ocr_carea' id='block_1_4' title="bbox 1344 3502 1688 3508">
    <p class='ocr_par' dir='ltr' id='par_1_4' title="bbox 1344 3502 1688 3508">
     <span class='ocr_line' id='line_1_34' title="bbox 1344 3502 1688 3508; baseline 0 0"><span class='ocrx_word' id='word_1_246' title='bbox 1344 3502 1688 3508; x_wconf 95' lang='lat' dir='ltr'> </span> 
     </span>
    </p>
   </div>
   <div class='ocr_carea' id='block_1_5' title="bbox 2400 3502 2603 3508">
    <p class='ocr_par' dir='ltr' id='par_1_5' title="bbox 2400 3502 2603 3508">
     <span class='ocr_line' id='line_1_35' title="bbox 2400 3502 2603 3508; baseline 0 0"><span class='ocrx_word' id='word_1_247' title='bbox 2400 3502 2603 3508; x_wconf 95' lang='lat' dir='ltr'> </span> 
     </span>
    </p>
   </div>
   <div class='ocr_carea' id='block_1_6' title="bbox 514 3505 829 3514">
    <p class='ocr_par' dir='ltr' id='par_1_6' title="bbox 514 3505 829 3514">
     <span class='ocr_line' id='line_1_36' title="bbox 514 3505 829 3514; baseline 0 870"><span class='ocrx_word' id='word_1_248' title='bbox 514 3505 829 3514; x_wconf 95' lang='lat' dir='ltr'> </span> 
     </span>
    </p>
   </div>
   <div class='ocr_carea' id='block_1_7' title="bbox 559 3561 2605 3614">
    <p class='ocr_par' dir='ltr' id='par_1_7' title="bbox 559 3561 2605 3614">
     <span class='ocr_line' id='line_1_37' title="bbox 559 3561 2605 3614; baseline -0.001 -8"><span class='ocrx_word' id='word_1_249' title='bbox 559 3568 606 3612; x_wconf 74' lang='lat'>2.</span> <span class='ocrx_word' id='word_1_250' title='bbox 662 3574 763 3611; x_wconf 69' lang='lat' dir='ltr'>nuo</span> <span class='ocrx_word' id='word_1_251' title='bbox 782 3564 965 3612; x_wconf 82' lang='lat' dir='ltr'>modo:</span> <span class='ocrx_word' id='word_1_252' title='bbox 1000 3564 1142 3604; x_wconf 63' lang='lat' dir='ltr'>:senia</span> <span class='ocrx_word' id='word_1_253' title='bbox 1162 3563 1360 3604; x_wconf 68' lang='lat' dir='ltr'>artibus.</span> <span class='ocrx_word' id='word_1_254' title='bbox 1603 3572 1661 3602; x_wconf 75' lang='lat' dir='ltr'>ne</span> <span class='ocrx_word' id='word_1_255' title='bbox 1697 3593 1706 3603; x_wconf 94' lang='lat'>.</span> <span class='ocrx_word' id='word_1_256' title='bbox 1740 3592 1749 3603; x_wconf 92' lang='lat'>.</span> <span class='ocrx_word' id='word_1_257' title='bbox 1781 3591 1791 3602; x_wconf 92' lang='lat'>.</span> <span class='ocrx_word' id='word_1_258' title='bbox 1827 3561 2015 3614; x_wconf 77' lang='lat' dir='ltr'>quidem</span> <span class='ocrx_word' id='word_1_259' title='bbox 2081 3563 2255 3604; x_wconf 69' lang='lat' dir='ltr'>aflects</span> <span class='ocrx_word' id='word_1_260' title='bbox 2306 3563 2393 3604; x_wconf 76' lang='lat' dir='ltr'>the</span> <span class='ocrx_word' id='word_1_261' title='bbox 2443 3562 2605 3604; x_wconf 76' lang='lat' dir='ltr'>entire</span> 
     </span>
    </p>
   </div>
   <div class='ocr_carea' id='block_1_8' title="bbox 509 3631 2601 3857">
    <p class='ocr_par' dir='ltr' id='par_1_8' title="bbox 509 3631 2601 3857">
     <span class='ocr_line' id='line_1_38' title="bbox 557 3631 1786 3685; baseline -0.008 -6"><span class='ocrx_word' id='word_1_262' title='bbox 557 3635 606 3678; x_wconf 66' lang='lat'>4.</span> <span class='ocrx_word' id='word_1_263' title='bbox 661 3641 868 3685; x_wconf 69' lang='lat' dir='ltr'>operae</span> <span class='ocrx_word' id='word_1_264' title='bbox 962 3632 1228 3682; x_wconf 70' lang='lat' dir='ltr'>pretium:</span> <span class='ocrx_word' id='word_1_265' title='bbox 1307 3631 1507 3670; x_wconf 77' lang='lat' dir='ltr'>¹·worth</span> <span class='ocrx_word' id='word_1_266' title='bbox 1603 3631 1786 3671; x_wconf 76' lang='lat' dir='ltr'>clause.</span> 
     </span>
     <span class='ocr_line' id='line_1_39' title="bbox 509 3684 2601 3750; baseline 0 -10"><span class='ocrx_word' id='word_1_267' title='bbox 509 3701 706 3740; x_wconf 83' lang='lat' dir='ltr'>while.&#39;&#39;</span> <span class='ocrx_word' id='word_1_268' title='bbox 777 3700 1038 3750; x_wconf 64' lang='lat' dir='ltr'>IAterally,</span> <span class='ocrx_word' id='word_1_269' title='bbox 1097 3699 1214 3738; x_wconf 77' lang='lat' dir='ltr'>“the</span> <span class='ocrx_word' id='word_1_270' title='bbox 1268 3697 1406 3748; x_wconf 81' lang='lat' dir='ltr'>price</span> <span class='ocrx_word' id='word_1_271' title='bbox 1455 3698 1510 3736; x_wconf 81' lang='lat' dir='ltr'>ot</span> <span class='ocrx_word' id='word_1_272' title='bbox 1558 3684 1563 3731; x_wconf 90' lang='grc' dir='ltr'>Ι</span> <span class='ocrx_word' id='word_1_273' title='bbox 1654 3697 1701 3740; x_wconf 76' lang='grc'>6.</span> <span class='ocrx_word' id='word_1_274' title='bbox 1757 3695 1948 3741; x_wconf 60' lang='lat' dir='ltr'>natus:</span> <span class='ocrx_word' id='word_1_275' title='bbox 1977 3698 2039 3737; x_wconf 77' lang='lat' dir='ltr'>cf.</span> <span class='ocrx_word' id='word_1_276' title='bbox 2069 3697 2105 3736; x_wconf 77' lang='lat'>4.</span> <span class='ocrx_word' id='word_1_277' title='bbox 2137 3697 2174 3736; x_wconf 77' lang='lat'>2.</span> <span class='ocrx_word' id='word_1_278' title='bbox 2231 3693 2601 3740; x_wconf 61' lang='lat' dir='ltr'>anfractuum:</span> 
     </span>
     <span class='ocr_line' id='line_1_40' title="bbox 510 3736 2360 3857; baseline -0.002 -49"><span class='ocrx_word' id='word_1_279' title='bbox 510 3771 648 3808; x_wconf 80' lang='lat' dir='ltr'>oue&#39;s</span> <span class='ocrx_word' id='word_1_280' title='bbox 665 3768 849 3806; x_wconf 68' lang='lat' dir='ltr'>efforts.</span> <span class='ocrx_word' id='word_1_281' title='bbox 868 3767 898 3786; x_wconf 78' lang='lat'>&#39;⁹</span> <span class='ocrx_word' id='word_1_282' title='bbox 1558 3736 1564 3857; x_wconf 71' lang='grc' dir='ltr'>Ι</span> <span class='ocrx_word' id='word_1_283' title='bbox 1607 3764 2007 3814; x_wconf 45' lang='grc' dir='ltr'>*κὶυρτυςςωιιςᾜ</span> <span class='ocrx_word' id='word_1_284' title='bbox 2058 3763 2131 3804; x_wconf 83' lang='lat' dir='ltr'>ct.</span> <span class='ocrx_word' id='word_1_285' title='bbox 2152 3763 2215 3804; x_wconf 80' lang='lat'>21.</span> <span class='ocrx_word' id='word_1_286' title='bbox 2237 3763 2300 3804; x_wconf 78' lang='lat'>37.</span> <span class='ocrx_word' id='word_1_287' title='bbox 2322 3763 2360 3804; x_wconf 81' lang='lat'>8.</span> 
     </span>
    </p>
   </div>
   <div class='ocr_carea' id='block_1_9' title="bbox 563 3829 2187 3880">
    <p class='ocr_par' dir='ltr' id='par_1_9' title="bbox 563 3829 2187 3880">
     <span class='ocr_line' id='line_1_41' title="bbox 563 3829 2187 3880; baseline -0.007 -3"><span class='ocrx_word' id='word_1_288' title='bbox 563 3835 608 3877; x_wconf 75' lang='grc' dir='ltr'>δ.</span> <span class='ocrx_word' id='word_1_289' title='bbox 649 3840 758 3877; x_wconf 83' lang='lat' dir='ltr'>non</span> <span class='ocrx_word' id='word_1_290' title='bbox 775 3830 955 3876; x_wconf 75' lang='lat' dir='ltr'>modo:</span> <span class='ocrx_word' id='word_1_291' title='bbox 975 3835 1096 3872; x_wconf 79' lang='lat' dir='ltr'>“not</span> <span class='ocrx_word' id='word_1_292' title='bbox 1110 3831 1230 3880; x_wconf 85' lang='lat' dir='ltr'>only</span> <span class='ocrx_word' id='word_1_293' title='bbox 1247 3832 1386 3870; x_wconf 82' lang='lat' dir='ltr'>not.··</span> <span class='ocrx_word' id='word_1_294' title='bbox 1405 3830 1510 3870; x_wconf 76' lang='lat' dir='ltr'>The</span> <span class='ocrx_word' id='word_1_295' title='bbox 1656 3831 1703 3874; x_wconf 81' lang='grc'>8.</span> <span class='ocrx_word' id='word_1_296' title='bbox 1756 3829 1975 3874; x_wconf 72' lang='lat' dir='ltr'>necubi:</span> <span class='ocrx_word' id='word_1_297' title='bbox 2010 3831 2070 3872; x_wconf 80' lang='lat' dir='ltr'>ct.</span> <span class='ocrx_word' id='word_1_298' title='bbox 2092 3831 2128 3870; x_wconf 74' lang='lat'>2.</span> <span class='ocrx_word' id='word_1_299' title='bbox 2151 3829 2187 3870; x_wconf 81' lang='grc'>3.</span> 
     </span>
    </p>
   </div>
   <div class='ocr_carea' id='block_1_10' title="bbox 1557 3523 1563 3669">
    <p class='ocr_par' dir='ltr' id='par_1_10' title="bbox 1557 3523 1563 3669">
     <span class='ocr_line' id='line_1_42' title="bbox 1557 3523 1563 3669; baseline 0 0"><span class='ocrx_word' id='word_1_300' title='bbox 1557 3523 1563 3669; x_wconf 95' lang='lat' dir='ltr'> </span> 
     </span>
    </p>
   </div>
  </div>
 </body>
</html>
