2967 4384
517 257 590 312 ³6
1420 259 1697 316 ‘lama

2326 259 2549 327 [xxxvi.
2578 259 2613 312 '1

520 447 697 508 genu
734 447 802 492 se
839 429 1287 510 adiuvissent,
1324 430 1489 509 ipsis
1524 430 1954 493 adminiculis
1994 429 2323 509 prolapsis
2358 429 2611 491 iterum

522 537 940 609 corruerent3
984 548 1110 594 nec
1153 532 1400 609 stirpes
1446 531 1624 593 circa
1668 531 2038 609 radicesve,
2084 531 2174 592 ad
2223 548 2391 609 quas
2440 529 2610 608 pede

522 637 643 693 aut
673 648 883 692 manu
917 631 1278 710 quisquam
1306 630 1475 693 eniti
1508 637 1758 710 posset,
1788 637 2013 710 erant;
2059 631 2159 693 ita
2188 631 2261 692 in
2288 631 2424 693 levi
2460 637 2609 693 tan-

449 742 486 794 8
529 737 672 792 tum
737 730 947 808 glacie
1021 730 1386 809 tabidaque
1451 731 1607 792 nive
1664 730 2177 793 volutabantur.

2290 731 2609 793 Iumenta

519 831 844 893 secabant
879 830 1227 892 interdum
1261 831 1472 892 etiam
1508 831 1813 892 infimam
1866 830 2317 908 ingredientia
2372 833 2607 895 nivem

519 937 590 992 et
621 932 936 1010 prolapsa
965 930 1305 992 iactandis
1328 930 1604 1008 gravius
1630 931 1703 990 in
1732 931 2092 993 conitendo
2118 932 2389 1010 ungulis
2418 933 2602 1011 peni-

525 1037 633 1093 tus
672 1030 1206 1110 perfringebant,
1243 1037 1325 1092 ut
1363 1031 1683 1109 pleraque
1716 1031 1908 1092 velut
1945 1031 2178 1110 pedica
2208 1039 2415 1112 capta
2444 1033 2603 1095 hae-

441 1151 446 1156 ·
519 1138 745 1193 retent
771 1132 842 1192 in
874 1132 1042 1193 dura
1069 1137 1139 1193 et
1167 1131 1306 1192 alte
1337 1136 1653 1192 concreta
1680 1131 1912 1208 glacie.

698 1232 1043 1294 XXXVII.
1122 1231 1422 1293 Tandem
1493 1231 1908 1312 nequiquam
1998 1232 2318 1296 iumentis
2398 1240 2607 1313 atque

520 1332 900 1394 hominibus
956 1333 1261 1411 fatigatis
1323 1337 1545 1394 castra
1596 1332 1667 1393 in
1730 1332 1887 1410 iugo
1954 1335 2195 1413 posita,
2244 1334 2608 1412 aegerrime

515 1431 604 1492 ad
659 1432 730 1492 id
785 1431 1012 1510 ipsum
1065 1431 1216 1494 loco
1278 1437 1590 1511 purgato:
1639 1437 1908 1494 tantum
1962 1433 2141 1495 nivis
2195 1433 2602 1495 fodiendum

447 1549 484 1600 2
515 1537 720 1612 atque
774 1533 1211 1611 egerendum-
1237 1532 1390 1594 fuit.

1481 1532 1648 1594 Inde
1702 1532 1793 1594 ad
1846 1550 2087 1611 rupem
2134 1524 2603 1613 muniendam,

520 1650 635 1712 per
702 1651 908 1713 quam
969 1651 1179 1695 unam
1245 1633 1355 1695 via
1397 1650 1541 1695 esse
1588 1638 1871 1711 poterat,
1915 1632 2160 1696 milites
2208 1634 2413 1713 ducti,
2446 1652 2604 1696 cum

518 1732 940 1795 caedendum
998 1738 1171 1794 esset
1229 1750 1493 1809 saxum,
1553 1732 1911 1794 arboribus
1972 1733 2148 1795 circa
2208 1731 2602 1796 inmanibus

521 1833 789 1895 deiectis
876 1833 1420 1912 detruncatisque
1503 1838 1758 1895 struem
1836 1833 2181 1912 ingentem
2206 1851 2221 1859 ·
2258 1834 2602 1913 lignorum

513 1933 776 1995 faciunt
825 1951 1134 2014 eamque,
1186 1950 1343 1994 cum
1389 1937 1455 1994 et
1506 1932 1606 1994 vis
1658 1932 1841 1994 venti
1887 1938 2051 2010 apta
2095 1932 2413 1995 faciendo
2460 1933 2600 2012 igni

518 2039 745 2094 coorta
782 2039 976 2111 esset,
1014 2033 1433 2094 succendunt
1468 2032 1910 2111 ardentiaque
1948 2051 2111 2095 saxa
2145 2033 2372 2094 infuso
2408 2038 2600 2095 aceto

447 2151 484 2202 3
522 2132 994 2211 putrefaciunt.

1085 2133 1189 2194 Ita
1228 2132 1555 2194 torridam
1590 2131 1902 2194 incendio
1941 2150 2182 2211 rupem
2215 2133 2395 2195 ferro
2435 2150 2599 2212 pan-

522 2234 688 2295 dunt
744 2233 1189 2312 molliuntque
1246 2232 1665 2294 anfractibus
1722 2232 2005 2294 modicis
2062 2233 2293 2312 clivos,
2330 2240 2406 2295 ut
2460 2250 2599 2294 non

515 2333 816 2394 iumenta
876 2333 1095 2394 solum
1152 2333 1271 2393 sed
1330 2331 1673 2410 elephanti
1731 2331 1938 2394 etiam
2001 2333 2241 2395 deduci
2304 2339 2594 2411 possent.

447 2451 484 2500 4
514 2433 986 2512 Quadriduum
1024 2432 1199 2494 circa
1235 2449 1476 2510 rupem
1514 2438 1995 2510 consumptum
2030 2432 2349 2494 iumentis
2391 2449 2596 2512 prope

512 2534 695 2595 fame
741 2532 1146 2611 absumptis3
1193 2531 1378 2592 nuda
1424 2531 1606 2592 enim
1648 2531 1787 2593 fere
1834 2531 2188 2594 cacumina
2233 2538 2389 2594 sunt
2420 2538 2508 2611 et,
2540 2531 2597 2593 si
2662 2609 2671 2616 .

447 2653 480 2704 5
521 2634 681 2712 quid
722 2639 821 2695 est
865 2632 1116 2711 pabuli,
1160 2632 1455 2692 obruunt
1497 2631 1709 2693 nives,

1801 2632 2129 2694 Interiora
2172 2633 2379 2694 valles
2418 2631 2595 2710 apri-

517 2751 763 2813 cosque
804 2732 1133 2812 quosdam
1170 2731 1368 2792 colles
1403 2731 1660 2793 habent
1694 2731 2010 2811 rivosque
2050 2749 2255 2810 prope
2291 2731 2497 2794 silvas
2530 2737 2597 2793 et

446 2841 481 2892 6
515 2833 653 2894 iam
688 2833 988 2894 humano
1024 2832 1210 2893 cultu
1250 2831 1553 2908 digniora
1575 2832 1746 2894 loca.

566 3000 611 3042 8.
668 2997 728 3041 in
742 2995 1055 3042 conitendo:
1079 2996 1165 3038 “in
1184 2995 1318 3036 their
1333 2995 1507 3036 efforts

516 3071 568 3107 to
587 3067 739 3105 rise.’⁷

564 3133 820 3174 XXXVII.
869 3133 914 3176 1.
969 3129 1323 3184 egerendum:
1367 3132 1507 3172 “car-

512 3201 619 3241 ried
639 3201 717 3240 off.
729 3202 754 3218 ‘⁸

529 3299 532 3304 -
563 3269 609 3312 2.
669 3267 741 3311 ad
766 3274 959 3318 rupem
1003 3263 1378 3310 muniendam:
1419 3267 1507 3305 “to

513 3335 653 3375 build
698 3345 728 3376 a
770 3335 893 3374 road
937 3334 1160 3383 through
1204 3333 1290 3372 the
1334 3332 1505 3371 rock.''

513 3401 677 3442 Manio
697 3406 868 3442 meant
895 3400 1166 3449 originally
1185 3402 1239 3439 to
1258 3398 1417 3445 build;
1441 3399 1501 3438 ct.

511 3469 707 3508 moenia.
761 3467 849 3511 vis
894 3466 1074 3511 venti:
1110 3465 1410 3515 hendiadysz
1445 3468 1506 3506 “a

512 3541 691 3585 strong
721 3535 905 3574 wind.'’
957 3533 1136 3577 aceto:
1173 3536 1324 3571 “sour
1359 3531 1503 3578 wine,

513 3603 771 3652 vinegar.”
821 3602 872 3641 It
897 3600 944 3640 is
973 3601 1156 3649 hardly
1173 3599 1338 3638 worth
1356 3598 1508 3638 while

513 3673 567 3710 to
601 3669 797 3709 discuss
828 3667 1073 3717 seriously
1109 3668 1192 3705 the
1216 3664 1506 3715 credibility

511 3737 565 3777 ot
599 3735 705 3776 this
741 3739 896 3784 story.
965 3734 1135 3784 Livy’s
1172 3734 1401 3778 account,
1439 3732 1507 3771 al-

511 3802 711 3853 though
752 3801 1009 3853 generally
1045 3799 1282 3850 accepted
1325 3799 1392 3848 by
1420 3799 1506 3838 the

514 3870 753 3914 Romans,
788 3868 908 3909 does
941 3869 1034 3907 not
1075 3875 1212 3907 seem
1247 3866 1501 3916 probable.

1836 2832 1941 2893 Ibi
1962 2832 2265 2894 iumenta
2286 2829 2358 2893 in
2385 2832 2595 2910 pabu-

1602 2996 1705 3036 The
1722 3005 1827 3036 war
1838 2996 1963 3036 with
1978 2995 2234 3038 Hannibal
2248 3005 2305 3038 so
2319 2996 2595 3046 impressori

1602 3065 1689 3103 the
1731 3064 1948 3114 popular
1980 3063 2323 3114 imagination
2358 3065 2475 3104 that
2512 3064 2596 3104 the
2642 3068 2647 3076 ·

1601 3132 1800 3180 growth
1818 3131 1872 3170 oi
1889 3131 2066 3180 legend
2084 3139 2193 3171 was
2216 3139 2338 3181 easy
2356 3130 2457 3172 and
2486 3133 2595 3171 nat-

1602 3197 1729 3238 ural.
1782 3197 2027 3248 Polybius
2094 3195 2329 3248 inveighs
2392 3196 2596 3248 against

1600 3269 1994 3314 contemporary
2028 3262 2312 3305 historians
2344 3264 2461 3304 who
2495 3263 2594 3304 had

1600 3331 1895 3371 introduced
1911 3340 1977 3372 an
1990 3331 2208 3371 clement
2218 3331 2274 3371 oi
2292 3330 2469 3372 fiction
2484 3329 2595 3370 into

1602 3398 1735 3437 their
1777 3402 2019 3438 accounts
2060 3397 2114 3437 ot
2164 3397 2252 3438 the
2300 3405 2421 3437 war.
2490 3396 2591 3438 Col.

1602 3465 1773 3514 Dodge
1815 3468 2049 3513 suggests
2092 3463 2209 3503 that
2250 3463 2435 3504 acetum
2474 3463 2521 3504 is
2564 3473 2594 3504 a.

1600 3530 1906 3570 translation
1944 3531 1997 3570 oi
2029 3527 2144 3578 ὅξος,
2181 3529 2346 3570 which
2388 3529 2434 3570 is
2474 3531 2593 3570 used

1599 3598 1653 3636 ot
1667 3607 1805 3636 some
1832 3596 1955 3636 kind
1986 3597 2040 3636 ot
2074 3596 2346 3646 explosive.
2399 3597 2593 3647 putre-

1598 3663 1837 3707 faciunt:
1864 3662 2049 3703 “break
2074 3663 2197 3713 up.''

1652 3732 1697 3774 3.
1754 3728 2123 3774 anfractibus:
2158 3727 2445 3780 “zigzags.”

1652 3798 1697 3841 δ.
1752 3795 2042 3841 inferiora:
2086 3805 2152 3837 sc.
2191 3793 2318 3843 loca:
2357 3797 2443 3836 the
2482 3797 2597 3838 sub-

1598 3863 1715 3913 ject-
