2967 4384
588 236 698 294 1¹74
1509 225 1573 290 ⁵1¹.
1608 229 1776 290 Lm
2535 230 2614 302 [li.
2647 228 2684 287 6

518 428 554 480 e
588 412 715 475 Sed
739 429 943 492 grave
969 409 1328 489 imperium
1345 424 1588 490 regum
1614 407 1779 470 nihil
1802 406 2298 487 inexploratum
2328 406 2508 484 quod
2536 424 2683 468 ves-

586 513 780 592 tigari
815 513 1049 573 volunt
1083 510 1308 587 efficit3
1352 510 1557 571 totius
1590 508 1939 570 circuitum
1974 509 2209 569 domus
2241 505 2334 568 ita
2366 506 2683 568 custodiis

518 619 553 672 7
586 611 913 690 complexi
965 616 1143 688 sunt,
1195 616 1272 671 ut
1323 626 1523 670 nemo
1575 608 1729 670 inde
1784 607 1957 669 elabi
2013 613 2251 685 posset.
2341 606 2683 668 Hannibal

591 718 946 791 postquam
979 710 1365 771 nuntiatum
1397 715 1497 770 est
1530 708 1770 770 milites
1804 707 2015 786 regios
2049 707 2119 767 in
2155 706 2483 768 vestibulo
2520 726 2683 784 esse,

590 812 840 891 postico
895 812 1073 890 quod
1126 809 1397 871 devium
1428 808 1717 886 maxime
1765 813 1967 886 atque
2008 806 2433 868 occultissimi
2473 809 2670 870 exitu'

516 919 555 972 8
586 917 748 991 erat,
808 912 1035 991 fugere
1098 911 1414 987 conatus,
1461 915 1537 970 ut
1596 908 1668 969 id
1732 924 1994 986 quoque
2058 924 2334 968 occursu
2396 910 2655 973 militur.

586 1012 984 1090 obsaeptum
1019 1011 1222 1072 sensit
1261 1016 1327 1071 et
1365 1009 1593 1071 omnia
1630 1008 1803 1070 circa
1842 1009 2068 1069 clausa
2108 1009 2424 1072 custodiis
2467 1011 2687 1090 dispo-

584 1110 748 1191 sitis,
795 1129 1132 1174 venenum
1182 1111 1362 1190 quod
1406 1111 1620 1172 multo
1665 1116 1819 1171 ante
1870 1115 2343 1187 praeparatum
2387 1112 2475 1172 ad
2519 1113 2650 1173 tale

516 1219 553 1270 9
584 1213 878 1274 habebat
964 1229 1179 1290 casus,
1242 1212 1570 1291 poposcit:
1689 1211 2094 1273 ‘Liberemus
2158 1212 2471 1274 diuturna
2525 1229 2663 1272 cura

588 1312 912 1390 populum
983 1311 1414 1387 Romanum‚’
1465 1311 1707 1390 inquit,
1793 1311 2088 1389 ‘quando
2172 1318 2457 1372 mortem
2511 1311 2683 1373 senis

479 1418 551 1470 10
585 1418 962 1489 exspectare
1014 1412 1292 1490 longum
1352 1418 1642 1473 censent.
1731 1412 1863 1472 Nec
1909 1428 2227 1490 magnam
2271 1428 2391 1473 nec
2436 1428 2687 1472 memo-

584 1510 865 1572 rabilem
891 1527 971 1571 ex
997 1509 1235 1572 inermi
1261 1510 1657 1589 proditoque
1686 1511 2098 1573 Flamininus
2120 1511 2470 1574 victoriam
2495 1511 2679 1573 feret.

585 1611 802 1672 Mores
847 1609 1118 1688 quidem
1160 1609 1388 1688 populi
1428 1610 1717 1672 Romani
1761 1617 2089 1689 quantum
2128 1611 2537 1673 mutaverint
2578 1611 2682 1672 vel

479 1727 547 1776 11
584 1709 692 1770 hic
751 1709 888 1771 dies
942 1714 1336 1788 argumento
1391 1709 1534 1772 erit.
1624 1710 1885 1770 Horum
1942 1715 2160 1788 patres
2213 1711 2469 1789 Pyrrho
2523 1710 2659 1789 regi

584 1809 759 1871 hosti
801 1815 1084 1889 armato,
1129 1809 1492 1872 exercitum
1532 1809 1603 1870 in
1645 1809 1839 1872 Italia
1880 1810 2176 1888 habenti,
2220 1816 2297 1871 ut
2340 1828 2381 1872 a
2425 1827 2682 1872 veneno

586 1915 849 1970 caveret
881 1908 1378 1987 praedixerunt3
1422 1909 1494 1970 hi
1518 1911 1814 1989 legatum
1840 1912 2279 1989 consularem,
2313 1910 2424 1988 qui
2452 1917 2684 1972 auctor

539 2065 542 2068 ,
585 2014 753 2070 esset
817 2008 1086 2070 Prusiae
1131 2026 1246 2086 per
1289 2010 1502 2071 scelus
1563 2010 1907 2071 occidendi
1973 2010 2274 2089 hospitiS‚
2314 2010 2681 2072 miserunt)

479 2114 549 2166 12
585 2093 979 2169 Exsecratus
1015 2106 1300 2169 deinde
1282 2126 1352 2169 in
1385 2114 1587 2186 caput
1618 2126 2030 2188 regnumque
2062 2109 2331 2172 Prusiae
2365 2116 2428 2171 et
2459 2108 2683 2187 hospi-

585 2208 750 2270 tales
796 2209 952 2269 deos
993 2205 1280 2269 violatae
1322 2208 1410 2268 ab
1450 2225 1531 2268 eo
1571 2208 1727 2269 fidei
1766 2214 1963 2271 testes
2004 2209 2326 2271 invocans
2370 2211 2682 2288 poculum

587 2307 911 2370 exhausit.
1000 2307 1129 2368 Hic
1177 2307 1353 2368 vitae
1403 2308 1614 2369 exitus
1661 2308 1787 2369 fuit
1833 2309 2252 2371 Hannibalis.

638 2487 683 2530 ’1.
736 2485 1108 2531 occultinimi
1135 2486 1343 2531 exitus:
1371 2486 1586 2536 descrip·
1681 2495 1747 2528 an
1764 2488 1887 2529 offer
1916 2492 1972 2529 to
2000 2489 2181 2540 poison
2208 2490 2294 2530 the
2310 2488 2450 2540 king,
2471 2498 2603 2531 were
2618 2489 2680 2531 he

587 2553 691 2594 tive
724 2553 948 2603 genitive
981 2553 1195 2604 parallel
1227 2554 1352 2593 with
1390 2555 1475 2594 the
1507 2554 1587 2593 ad·
1680 2555 1935 2604 promised
1948 2555 2197 2597 sufficient
2208 2565 2324 2607 pay.
2370 2557 2477 2597 'Phe
2490 2560 2679 2603 senate.

585 2619 770 2670 aestive
788 2619 986 2660 devium
1041 2619 1134 2662 See
1149 2621 1214 2661 21.
1235 2620 1298 2661 29.
1319 2621 1357 2660 4.
1680 2621 1826 2661 when
1844 2621 1949 2662 this
1964 2623 2203 2672 proposal
2236 2632 2340 2663 was
2364 2623 2599 2673 reported
2628 2627 2681 2663 to

638 2688 684 2732 9.
741 2687 912 2732 lemn:
990 2686 1250 2729 Hannibal
1307 2696 1414 2728 was
1471 2695 1587 2728 now
1680 2689 1820 2728 them
1839 2689 1906 2739 by
1934 2689 2020 2729 the
2041 2689 2235 2736 consul,
2252 2693 2367 2730 sent.
2394 2699 2425 2730 a
2454 2698 2682 2739 message

587 2754 887 2804 sixty-eight
903 2762 1052 2803 years
1069 2754 1167 2794 old.
1682 2757 1736 2794 to
1755 2755 1840 2794 the
1857 2753 1981 2804 king
1999 2758 2054 2795 to
2072 2764 2212 2795 warn
2229 2754 2337 2795 him
2364 2755 2568 2804 against
2596 2757 2682 2796 the

640 2821 718 2864 11.
772 2819 984 2872 Pyrrho
1025 2818 1171 2872 rogi:
1228 2820 1499 2871 according
1534 2824 1589 2861 to
1682 2819 1880 2861 traitor.
1934 2823 2133 2865 auctor
2151 2821 2320 2865 esset:
2353 2821 2626 2861 :suaderem

587 2885 823 2927 Valerius
857 2885 1054 2933 Antias,
1086 2887 1258 2928 whose
1291 2887 1495 2928 version
1535 2888 1590 2927 ot
1733 2887 1811 2930 12.
1867 2886 2179 2937 hospitales
2212 2886 2364 2931 deon:
2418 2891 2681 2938 strangers

589 2954 675 2993 the
705 2957 849 3004 story
876 2952 1007 3004 Livy
1032 2953 1151 2993 here
1179 2953 1392 3000 follows,
1424 2954 1592 2994 'rimo-
1681 2962 1812 2994 were
1844 2954 2007 2994 under
2034 2954 2121 2994 the
2148 2953 2434 3003 provectiori
2477 2955 2532 2994 oi
2576 2955 2679 2998 Ζεὺς

587 3019 778 3066 chares,
800 3028 831 3060 a
847 3018 1072 3060 courtier
1099 3019 1155 3059 ot
1180 3019 1322 3070 King
1339 3019 1585 3070 Pyrrhus
1681 3018 1823 3068 ξένιος
1840 3019 1941 3060 and
1959 3020 2108 3060 other
2123 3019 2262 3069 gods.

587 3093 732 3126 came
759 3087 815 3125 to
841 3086 930 3126 the
957 3085 1137 3126 consul
1166 3085 1433 3126 Fabricius
1459 3085 1588 3126 with
