2967 4384
374 178 574 234 xxxiv.
602 179 658 247 6]
1177 176 1408 233 LIBER.
1441 177 1652 234 XXIII
2395 178 2467 233 95

382 355 638 431 dusque
684 370 839 415 cum
885 369 962 415 eo
1008 359 1208 430 atque
1255 351 1619 414 amicitiam
1664 353 1876 433 iungit
1920 353 2177 433 legibus
2220 353 2346 431 his,
2393 358 2469 415 ut

377 453 723 533 Philippus
773 471 884 515 rex
939 469 1141 531 quam
1189 452 1482 515 maxima
1534 454 1738 515 classe
1766 488 1848 497 —
1877 454 2193 516 ducentas
2243 459 2469 514 autem
2504 463 2575 514 1ο

378 571 586 615 naves
619 552 976 614 videbatur
1003 551 1357 614 effecturus
1385 587 1464 594 —-
1491 551 1561 612 in
1593 551 1858 614 Italiam
1888 553 2190 616 traiceret
2222 558 2286 615 et
2318 571 2469 614 vas-

377 658 549 715 taret
613 651 1019 714 maritimam
1083 668 1292 730 oram,
1361 651 1610 713 bellum
1674 670 1792 733 pro
1860 659 2043 732 parte
2110 670 2232 714 sua
2294 657 2469 714 terra

380 748 991 832 mariquefgereret3
1033 751 1152 812 ubi
1188 752 1590 815 debellatum
1621 758 1811 830 esset,
1843 753 2037 814 Italia
2068 752 2283 814 omnis
2314 769 2470 813 cum
2504 763 2572 815 11

378 852 526 932 ipsa
547 852 712 915 urbe
733 853 950 914 Roma
971 850 1618 931 Carthaginiensium
1638 859 1840 930 atque
1862 852 2254 914 Hannibalis
2276 858 2468 929 esset,

382 954 763 1032 praedaque
823 951 1038 1013 omnis
1096 950 1462 1013 Hannibali
1520 952 1813 1031 cederet3
1861 952 2226 1032 perdomita
2274 951 2471 1014 Italia
2504 951 2577 1004 12

379 1053 773 1132 navigarent
833 1050 903 1112 in
965 1050 1310 1114 Graeciam
1373 1051 1752 1130 bellumque
1814 1070 1969 1114 cum
2033 1051 2273 1130 quibus
2333 1050 2471 1131 regi

383 1155 671 1232 placeret
721 1158 1052 1232 gererent3
1102 1168 1271 1229 quae
1336 1151 1639 1214 civitates
1702 1152 2099 1215 continentis
2167 1169 2469 1231 quaeque

380 1252 636 1315 insulae
680 1253 768 1313 ad
809 1250 1274 1313 Macedoniam
1317 1257 1621 1331 vergunt,
1667 1271 1780 1316 eae
1825 1253 2113 1334 Philippi
2154 1253 2471 1333 regnique

383 1353 524 1416 eius
556 1357 790 1414 essent.

554 1452 848 1513 XXXIV.
892 1452 974 1513 In
1020 1451 1144 1512 has
1192 1452 1399 1514 ferme
1446 1453 1621 1532 leges
1669 1451 1840 1515 inter
1886 1452 2184 1515 Poenum
2236 1454 2473 1515 ducem
2509 1452 2540 1503 1
2588 1495 2595 1503 -

382 1553 765 1631 legatosque
807 1552 1254 1614 Macedonum
1293 1551 1511 1641 ictum·
1540 1552 1811 1629 foedus;
1854 1552 2170 1632 missique
2205 1570 2360 1615 cum
2393 1553 2473 1614 iis
2506 1554 2543 1606 2

383 1653 474 1714 ad
512 1651 680 1730 regis
718 1650 925 1731 ipsius
962 1652 1365 1713 firmandam
1400 1652 1606 1714 fidem
1641 1652 1862 1732 legati,
1902 1653 2097 1733 Gisgo
2137 1659 2202 1715 et
2238 1655 2478 1715 Bostar

386 1758 451 1815 et
487 1753 704 1830 Mago.
794 1752 1050 1813 Eodem
1071 1751 1161 1812 ad
1195 1751 1468 1812 Iunonis
1495 1751 1823 1830 Laciniae,
1848 1751 1966 1813 ubi
2000 1752 2193 1814 navis
2216 1754 2477 1816 occulta

385 1851 457 1912 in
501 1850 783 1916 statione
827 1855 987 1929 erat,
1035 1850 1449 1930 perveniunt.
1540 1852 1703 1914 Inde
1750 1851 2025 1931 profecti
2068 1869 2223 1914 cum
2265 1855 2477 1914 altum
2507 1854 2544 1906 3

385 1955 708 2028 tenerent,
759 1950 1094 2028 conspecti
1141 1968 1182 2013 a
1231 1951 1436 2012 classe
1485 1949 1792 2013 Romana
1840 1958 2016 2030 sunt,
2072 1969 2239 2031 quae
2292 1970 2479 2031 prae-

387 2052 558 2114 sidio
605 2057 745 2114 erat
790 2050 1132 2113 Calabriae
1165 2049 1505 2127 litoribus3
1547 2051 1977 2130 Valeriusque
2023 2051 2297 2113 Flaccus
2342 2068 2479 2112 cer·
2510 2057 2551 2108 4

389 2169 584 2213 curos
638 2150 727 2213 ad
785 2150 1312 2230 persequendam
1366 2149 1967 2228 retrahendamque
2023 2168 2269 2213 navem
2326 2167 2481 2212 cum

391 2251 698 2328 misisset,
735 2249 948 2329 primo
981 2250 1206 2329 fugere
1240 2248 1401 2329 regii
1433 2249 1689 2328 conati;
1725 2249 1981 2328 deinde,
1999 2251 2118 2311 ubi
2149 2249 2480 2313 celeritate

393 2351 573 2413 vinci
617 2355 983 2428 senserunt,
1029 2350 1304 2412 tradunt
1349 2368 1418 2412 se
1463 2349 1784 2412 Romanis
1830 2356 1894 2412 et
1939 2350 2028 2411 ad
2074 2351 2484 2430 praefectum

394 2450 620 2513 classis
660 2449 934 2512 adducti
972 2455 1147 2512 sunt.
1238 2450 1303 2511 Is
1343 2466 1498 2511 cum
1542 2455 1901 2528 quaereret,
1924 2449 2060 2528 qui
2098 2455 2162 2512 et
2199 2452 2377 2513 unde
2418 2454 2483 2512 et
2515 2457 2552 2510 δ

400 2568 530 2629 quo
554 2551 898 2613 tenderent
921 2566 1212 2627 cursum,
1235 2549 1680 2629 Xenophanes
1705 2550 1919 2630 primo
1942 2548 2101 2611 satis
2123 2549 2261 2610 iam
2282 2550 2484 2612 semel

393 2650 552 2714 felix
607 2649 1032 2720 mendacium
1087 2655 1358 2727 struere,
1417 2667 1459 2710 a
1514 2649 1818 2729 Philippo
1877 2668 1944 2711 se
2001 2651 2089 2711 ad
2145 2650 2485 2711 Romanos

396 2752 676 2813 missum
728 2750 817 2811 ad
868 2751 958 2812 Μ.
1013 2749 1372 2826 Valerium,
1427 2750 1516 2811 ad
1575 2767 1771 2827 quem
1823 2766 2037 2810 unum
2088 2749 2211 2811 iter
2263 2755 2484 2811 tutum

395 2850 618 2928 fuerit,
668 2849 1062 2929 pervenisse,
1109 2848 1549 2928 Campaniam
1592 2865 1901 2929 superare
1946 2849 2252 2927 nequisse
2297 2867 2489 2928 saep-

395 2957 541 3013 tam
568 2950 863 3012 hostium
895 2949 1256 3028 praesidiis·
1347 2948 1599 3011 Deinde
1629 2956 1705 3011 ut
1734 2949 2021 3010 Punicus
2052 2952 2267 3011 cultus
2295 2948 2487 3012 habi·
2518 2959 2557 3011 6

453 3115 530 3159 12.
586 3111 944 3165 navigarent:
985 3123 1051 3154 so.
1097 3109 1397 3162 oar-thamni·
1540 3113 1585 3156 6.
1638 3111 2189 3164 cultu32⁴⁴cloth1ng.”
2232 3111 2484 3157 haustus:

399 3191 544 3222 emes.
598 3180 872 3233 placeret:
901 3190 964 3220 sc.
987 3188 1159 3230 perere.
1492 3181 1795 3222 “features'’
1837 3179 1941 3222 The
1953 3181 2319 3231 captiveswere
2332 3180 2487 3221 taken

449 3247 680 3289 XXXIV.
726 3248 775 3290 2.
828 3245 1058 3290 Iunonia
1111 3243 1394 3290 Laciniae:
1490 3251 1545 3288 to
1564 3247 1733 3293 Rome,
1752 3247 1917 3288 where
1949 3248 2034 3288 the
2068 3247 2394 3289 Macedonian
2426 3247 2487 3287 le·

399 3325 466 3357 sc.
483 3311 713 3364 templum.
743 3314 846 3354 The
858 3314 1044 3364 temple
1055 3322 1160 3353 was
1172 3312 1395 3354 situated
1488 3317 1633 3364 gates
1650 3323 1781 3355 were
1798 3314 2000 3354 thrown
2028 3313 2140 3354 into
2174 3314 2352 3355 chains
2386 3314 2487 3354 and

398 3391 467 3423 on
487 3383 572 3422 the
582 3375 914 3432 promontory
927 3382 980 3421 ot
992 3379 1260 3422 Lacinium
1274 3388 1398 3420 near
1491 3382 1577 3420 the
1622 3380 2016 3430 Carthaginians
2052 3381 2163 3421 sold
2206 3390 2263 3421 as
2304 3381 2483 3421 slaves.

400 3448 602 3490 Croton.
1491 3447 1594 3487 The
1632 3449 1757 3487 next.
1794 3454 1934 3497 year,
1978 3447 2228 3493 however,
2273 3448 2488 3487 another

450 3516 501 3559 4,
555 3521 834 3558 cercuros:
859 3515 1149 3562 εκέρκουρος.
1205 3513 1248 3552 A
1266 3511 1398 3561 light
1490 3514 1723 3563 embassy
1741 3520 1847 3553 was
1874 3515 1987 3552 sent
2004 3513 2071 3563 by
2089 3512 2261 3563 Philip
2281 3516 2334 3552 to
2353 3513 2487 3553 Han·

403 3583 652 3624 “cutmen”
695 3580 1327 3633 re311:theambassadors
1345 3581 1398 3620 ot
1491 3579 1628 3620 nibal
1684 3577 1785 3635 and
1845 3586 1877 3619 a
1927 3578 2111 3630 second
2160 3581 2328 3628 treaty
2380 3587 2487 3618 was

401 3649 545 3702 King
561 3648 745 3700 Philip.
1491 3646 1637 3687 made
1654 3655 1721 3685 on
1740 3647 1826 3685 the
1843 3653 1983 3685 same
2001 3649 2159 3685 ter-ms
2178 3654 2235 3685 as
2254 3646 2339 3684 the
2357 3643 2482 3685 first..

457 3717 501 3761 ὖ.
554 3716 711 3760 felix:
743 3717 808 3755 “a
841 3714 908 3754 lie
944 3713 1109 3754 which
1144 3722 1267 3753 once
1297 3713 1396 3753 had
1491 3711 1653 3761 (Livy,
1673 3712 1735 3752 23.
1757 3710 1905 3761 38-39).

403 3782 592 3832 proved
608 3782 807 3833 lucky.·’
