2967 4384
396 225 598 279 xxxix.
625 224 720 291 10]
1009 223 1013 226 ·
1230 189 1458 279 mena
1498 225 1643 279 xx1
2410 221 2484 312 37

397 397 542 457 lum
579 395 807 475 missa,
847 403 912 458 et
979 396 1164 476 quies
1223 395 1594 457 muniendo
1629 396 1824 457 fessis
1864 394 2253 456 hominibus
2297 393 2481 455 data.

399 497 649 558 Triduo
689 497 848 558 inde
887 497 977 558 ad
1021 497 1301 574 planum
1346 497 1741 558 descensum
1780 496 1919 557 iam
1959 501 2024 556 et
2063 494 2225 556 locis
2266 493 2482 555 molli-

401 596 630 658 oribus
675 602 741 658 et
785 597 1170 658 accolarum
1213 595 1520 674 ingeniis.

569 697 874 758 XXXIX.
922 698 1426 774 Peropportune
1498 697 1587 758 ad
1649 695 1975 776 principia
2033 713 2258 757 rerum
2311 694 2481 755 Tau·
2519 698 2553 748 1.

400 796 586 874 rinis,
623 795 964 874 proximae
995 795 1200 874 genti,
1232 796 1559 858 adversus
1589 797 1907 858 Insubres
1936 801 2201 857 motum
2233 794 2482 856 bellum

399 901 565 958 erat.
661 895 789 960 Sed
831 913 1093 957 armare
1137 895 1504 957 exercitum
1544 895 1913 974 Hannibal,
1956 900 2032 956 ut
2076 894 2250 974 parti
2291 893 2483 956 alteri

398 995 649 1057 auxilio
707 1001 903 1074 esset,
963 995 1036 1055 in
1094 995 1453 1057 reficiendo
1514 995 1805 1058 maxime
1865 995 2266 1057 sentientem
2324 1011 2479 1055 con-

399 1101 614 1158 tracta
655 1101 813 1157 ante
857 1096 1062 1174 mala,
1104 1113 1244 1157 non
1289 1101 1577 1174 poterat:
1627 1095 1842 1158 otium
1882 1095 2065 1157 enim
2105 1113 2185 1157 ex
2225 1094 2479 1171 labore,
2515 1097 2551 1148 2

397 1196 592 1275 copia
633 1213 714 1258 ex
753 1195 1007 1274 inopia,
1051 1196 1270 1258 cultus
1311 1214 1391 1258 ex
1431 1195 1686 1258 inluvie
1729 1196 2020 1275 tabeque
2062 1194 2373 1274 squalida
2415 1200 2481 1255 et

401 1314 606 1375 prope
640 1296 920 1358 efferata
955 1313 1237 1375 corpora
1279 1295 1460 1358 varie
1496 1295 1839 1358 movebat.
1931 1296 2030 1357 Ea
2065 1297 2136 1359 P.
2175 1293 2479 1356 Cornelio
2513 1300 2550 1351 3

398 1395 656 1458 consuli
688 1414 892 1458 causa
921 1395 1075 1475 fuit,
1110 1414 1266 1459 cum
1297 1395 1481 1458 Pisas
1513 1395 1807 1458 navibus
1842 1395 2154 1475 venisset,
2187 1394 2479 1457 exercitu

396 1515 437 1558 a
492 1495 744 1557 Manlio
798 1495 1136 1575 Atilioque
1190 1501 1468 1575 accepto
1524 1495 1741 1558 tirone
1796 1500 1862 1558 et
1917 1495 1987 1557 in
2041 1494 2237 1557 novis
2290 1494 2478 1574 igno-

397 1596 620 1657 miniis
654 1594 916 1673 trepido
949 1596 1039 1656 ad
1074 1595 1336 1657 Padum
1367 1595 1758 1673 festinandi,
1792 1601 1868 1656 ut
1902 1613 2056 1657 cum
2089 1596 2278 1656 hoste
2311 1613 2477 1656 non-

401 1696 562 1757 dum
595 1696 844 1757 refecto
880 1713 1124 1757 manus
1161 1702 1560 1759 consereret.
1651 1698 1736 1758 Et
1771 1696 2116 1757 Hannibal
2150 1695 2365 1756 movit
2400 1713 2478 1756 ex
2513 1703 2550 1754 6

395 1794 726 1874 TauriniS,
781 1794 1095 1873 incertos,
1158 1812 1330 1876 quae
1389 1811 1543 1874 pars
1598 1795 1945 1876 sequenda
2001 1799 2195 1874 esset,
2253 1795 2477 1857 Gallos

400 1900 820 1974 praesentem·
866 1900 1214 1958 secuturos
1253 1912 1404 1979 esse
1450 1901 1659 1958 ratuS.
1750 1897 1900 1957 Iam
1950 1914 2155 1974 prope
2200 1895 2271 1956 in
2320 1912 2475 1957 con·
2509 1905 2545 1957 7

394 2001 630 2072 spectu
657 2001 846 2056 erant
875 1995 1202 2058 exercitus
1230 2002 1822 2075 convenerantque
1854 1996 2054 2058 duces
2082 1995 2278 2058 sicuti
2303 1994 2475 2056 inter

397 2112 466 2156 se
501 2095 809 2157 nondum
843 2095 1006 2157 satis
1039 2096 1206 2176 noti,
1241 2096 1337 2159 ita
1371 2095 1511 2158 iam
1542 2096 1823 2159 inbutus
1857 2102 2140 2176 uterque
2181 2096 2478 2176 quadam

394 2194 843 2256 admiratione
879 2195 1175 2258 alteriuS.
1267 2197 1438 2258 Nam
1473 2195 1877 2258 Hannibalis
1912 2203 1977 2258 et
2011 2197 2195 2276 apud
2230 2197 2476 2257 Roma·
2512 2210 2549 2261 8

397 2313 520 2356 nos
567 2295 707 2356 iam
753 2302 910 2357 ante
963 2296 1242 2375 Sagunti
1289 2296 1628 2358 excidium
1676 2297 2184 2359 celeberrimum
2229 2314 2477 2357 nomen

396 2402 562 2475 erat,
600 2401 666 2458 et
706 2395 1086 2474 Scipionem
1122 2396 1466 2458 Hannibal
1504 2414 1584 2458 eo
1616 2397 1788 2476 ipso,
1832 2397 2012 2476 quod
2047 2396 2373 2459 adversus
2407 2415 2476 2458 se

400 2496 534 2558 dux
570 2495 997 2574 potissimum
1027 2497 1240 2558 lectus
1273 2503 1467 2576 esset,
1507 2503 1961 2576 praestantem
1998 2497 2219 2558 virum
2253 2497 2475 2558 crede—

399 2595 540 2673 bat3
588 2601 653 2656 et
721 2602 1050 2657 auxerant
1116 2595 1291 2657 inter
1356 2613 1426 2658 se
1497 2596 1907 2675 opinionem,
1982 2595 2223 2675 Scipio,
2297 2596 2476 2675 quod
2510 2604 2548 2655 9

395 2695 664 2756 relictus
707 2695 779 2754 in
827 2695 1040 2757 Gallia
1086 2695 1328 2758 obvius
1369 2696 1594 2758 fuerat
1636 2696 1707 2755 in
1751 2696 2020 2757 Italiam
2065 2702 2476 2774 transgresso

395 2794 786 2871 Hannibali,
828 2794 1175 2856 Hannibal
1215 2801 1279 2856 et
1319 2800 1568 2856 conatu
1609 2801 1750 2856 tam
1787 2795 2035 2858 audaci
2079 2795 2476 2858 traicienda—

395 2912 546 2956 rum
580 2894 853 2973 Alpium
887 2899 951 2956 et
987 2894 1254 2956 effectu.

569 2993 940 3072 Occupavit
1000 2999 1229 3056 tamen
1292 2994 1513 3074 Scipio
1574 2996 1835 3057 Padum
1895 2995 2195 3075 traicere,
2258 3001 2325 3058 et
2385 2995 2473 3057 ad
2510 3002 2581 3054 10

443 3158 487 3201 6.
541 3155 945 3201 mollioribus—
957 3155 1222 3208 ingeniis:
1253 3157 1384 3208 Livy
1530 3159 1577 3202 2.
1632 3167 1719 3204 ex:
1760 3160 1966 3200 denotes
2000 3161 2193 3210 change
2226 3161 2281 3201 of
2313 3161 2477 3202 condi·

394 3226 628 3265 observes
659 3233 690 3264 a
723 3223 932 3265 natural
974 3224 1274 3266 connection
1309 3226 1384 3265 be·
1478 3227 1602 3266 tion.

396 3296 555 3332 tween
573 3291 658 3331 the
675 3289 881 3330 climate
899 3291 997 3331 and
1022 3292 1108 3332 the
1124 3293 1385 3332 character
1530 3293 1576 3337 3.
1631 3292 1835 3338 tirone:
1888 3293 2137 3342 adjective
2178 3295 2302 3335 with
2354 3304 2477 3334 exer-

393 3358 449 3398 ot
465 3359 551 3398 the
566 3357 884 3398 inhabitants
901 3358 956 3398 ot
974 3358 1059 3398 the
1075 3358 1263 3410 region.
1477 3358 1587 3398 citu.
1641 3359 1968 3403 festinandi:
2014 3360 2236 3410 genitive
2270 3361 2477 3412 depend-

1478 3426 1565 3475 ing
1584 3435 1720 3476 upon
1738 3435 1891 3466 cauea.

393 3473 630 3518 XXXIX·
644 3472 900 3542 xnxm.
918 3472 1209 3518 ²3·‘XLTV·
1241 3473 1386 3516 Han·
1530 3492 1576 3535 6.
1630 3492 2003 3542 praesentem:
2038 3503 2102 3533 sc.
2120 3492 2316 3542 partem.

442 3541 590 3584 nibal
607 3541 715 3583 and
729 3539 1333 3591 ScipioattheTicinus.
1530 3559 1577 3600 7·
1632 3556 1805 3601 smum
1850 3588 1860 3601 .
1907 3587 1920 3601 .
1969 3588 1981 3601 ·
2020 3558 2127 3602 ita:
2201 3560 2477 3608 “although

574 3606 845 3657 SDOOCheS
880 3607 941 3649 0f
966 3607 1061 3650 the
1095 3611 1208 3649 two
1481 3654 1491 3663 .
1523 3653 1532 3663 .
1565 3625 1732 3674 .yet.'’
1795 3623 1950 3667 inter
1995 3632 2075 3668 80:
2132 3627 2220 3664 “to
2261 3634 2356 3663 one
2392 3635 2478 3665 an-

692 3673 1085 3718 commanders·
1479 3692 1674 3731 other.''
1727 3690 1829 3730 The
1846 3690 2049 3740 regular
2068 3690 2356 3741 reciprocal.

443 3756 674 3798 XXXIX.
722 3758 768 3800 1.
824 3756 885 3801 in
937 3756 1254 3803 reficiendo:
1303 3757 1386 3798 “in
1532 3758 1611 3802 10.
1663 3756 1982 3808 occupavit:
2040 3758 2175 3796 “was
2237 3757 2321 3796 the
2364 3756 2479 3798 first

392 3822 794 3876 recuperating.”
1479 3825 1583 3866 test·
