2967 4384
391 221 512 274 xiii.
541 220 636 286 15]
1213 217 1444 271 LIBER.
1478 216 1681 272 XXVI
2373 218 2482 272 117

391 391 816 470 gravissimos
875 390 1137 453 labores
1203 388 1512 468 perpessi,
1576 387 1749 449 circa
1798 387 2048 450 vallum
2110 408 2192 451 ac
2252 390 2481 454 fossas

390 509 588 570 saepe
643 490 956 554 trucidati
1010 509 1088 551 ac
1149 506 1353 568 prope
1406 488 1497 550 ad
1561 497 1933 550 extremum
1990 489 2220 551 castris
2277 494 2478 554 exuti.

393 592 523 657 Sed
579 591 813 653 omitto
867 590 1058 651 haec:
1119 597 1307 651 vetus
1361 596 1565 668 atque
1620 588 1867 650 usitata
1921 606 2025 650 res
2080 597 2178 652 est
2233 590 2303 649 in
2361 609 2480 670 op-
2513 589 2549 641 9

394 690 753 772 pugnanda
791 690 1084 752 hostium
1121 689 1284 751 urbe
1323 690 1583 751 labores
1621 707 1700 751 ac
1733 689 2023 768 pericula
2066 690 2223 769 pati.
2306 692 2479 753 Illud

388 792 525 854 irae
564 799 767 871 atque
808 789 943 852 odii
983 788 1366 852 execrabilis
1404 784 1955 870 inexpiabilisque
1994 789 2318 852 indicium
2356 800 2479 854 est:

389 891 730 954 Hannibal
771 889 1150 968 ingentibus
1193 888 1400 967 copiis
1445 889 1745 968 peditum
1786 889 2223 971 equitumque
2266 901 2481 955 castra
2516 891 2589 943 10

389 993 806 1071 oppugnavit
845 999 911 1054 et
952 1009 1030 1053 ex
1076 998 1259 1070 parte
1303 990 1503 1069 cepit:
1544 998 1733 1052 tanto
1778 991 2067 1070 periculo
2108 993 2275 1052 nihil
2316 994 2481 1056 moti

387 1099 544 1154 sunt
588 1091 678 1154 ab
723 1089 1092 1167 obsidione3
1143 1088 1475 1168 profectus
1519 1095 1705 1152 trans
1748 1089 2154 1153 Vulturnum
2201 1093 2480 1170 perussit

388 1192 712 1254 Calenum
727 1208 988 1268 agrum:
1020 1189 1186 1250 nihil
1215 1197 1403 1252 tanta
1421 1189 1753 1252 sociorum
1783 1177 1970 1252 clade
2001 1192 2267 1254 avocati
2297 1201 2479 1272 sunt3

387 1292 476 1354 ad
515 1291 733 1370 ipsam
774 1290 1010 1353 urbem
1053 1290 1341 1351 Romam
1379 1289 1622 1352 infesta
1662 1289 1851 1367 signa
1885 1290 2044 1352 ferri
2077 1291 2294 1355 iussit:
2330 1311 2481 1354 eam
2516 1285 2585 1338 11

392 1409 657 1472 quoque
723 1396 1187 1469 tempestatem
1251 1389 1713 1451 imminentem
1779 1398 2199 1470 spreverunt3
2265 1399 2477 1455 trans-

385 1508 648 1571 gressus
703 1490 1026 1552 Anienem
1081 1507 1352 1552 amnem
1408 1489 1537 1552 tria
1594 1489 1778 1552 milia
1839 1509 2109 1570 passum
2165 1491 2254 1554 ab
2313 1494 2477 1555 urbe

284 1575 288 1579 ’
387 1599 605 1654 castra
661 1590 898 1670 posuit,
957 1597 1287 1668 postremo
1337 1588 1426 1650 ad
1478 1589 1745 1651 moenia
1795 1590 1941 1668 ipsa
1992 1599 2057 1654 et
2107 1591 2197 1654 ad
2255 1601 2478 1671 portas

385 1690 680 1768 accessit,
740 1691 1029 1751 Romam
1085 1707 1155 1751 se
1209 1689 1688 1768 adempturum
1744 1691 1858 1768 eis,
1916 1691 2043 1754 nisi
2102 1692 2479 1756 omitterent

385 1793 709 1870 Capuam,
747 1789 1060 1852 ostendit:
1096 1807 1233 1850 non
1268 1789 1655 1852 omiserunt.
1745 1790 1943 1852 Feras
1981 1791 2244 1870 bestias,
2282 1810 2478 1855 caeco
2512 1794 2585 1845 12

382 1891 640 1984 impetu
666 1908 746 1952 ac
771 1889 956 1951 rabie
984 1888 1369 1967 concitatas,
1399 1889 1454 1950 si
1478 1889 1569 1950 ad
1598 1889 1842 1952 cubilia
1868 1898 1933 1952 et
1963 1891 2215 1954 catulos
2246 1910 2478 1954 earum

383 1991 478 2052 ire
529 2006 783 2069 pergas,
832 1989 920 2051 ad
970 2006 1168 2068 opem
1214 1988 1350 2051 suis
1395 1989 1744 2051 ferendam
1790 1999 2091 2054 avertas:
2138 1993 2477 2054 Romanos
2511 1996 2583 2048 13

381 2091 602 2152 Roma
660 2089 1111 2167 circumsessa,
1170 2088 1503 2167 coniugeS,
1560 2089 1774 2167 liberi,
1839 2107 2121 2169 quorum
2184 2093 2477 2170 ploratus

383 2191 538 2250 hinc
600 2206 802 2268 prope
859 2189 1405 2266 exaudiebantur,
1463 2207 1641 2267 arae,
1697 2189 1852 2267 foci,
1917 2190 2115 2252 deum
2176 2191 2469 2270 delubra,

381 2288 686 2368 sepulcra
744 2288 1076 2350 maiorum
1131 2295 1452 2352 temerata
1509 2307 1591 2351 ac
1650 2289 1897 2351 violata
1952 2309 1993 2352 a
2053 2292 2283 2370 Capua
2340 2310 2477 2354 non

381 2397 794 2452 averterunt:
862 2397 1051 2452 tanta
1118 2388 1406 2460 aviditas
1471 2389 1780 2467 supplicii
1848 2391 2219 2469 expetendi,
2287 2397 2521 2455 tanta'

381 2489 722 2567 sanguinis
769 2489 976 2551 nostri
1022 2489 1371 2550 hauriendi
1417 2495 1517 2551 est
1564 2489 1725 2551 sitis.
1820 2491 1952 2552 Nec
1999 2490 2237 2553 iniuria
2283 2493 2475 2554 forsi-
2510 2487 2583 2539 14

381 2596 526 2650 tan:
573 2606 694 2651 nos
739 2606 1002 2668 quoque
1040 2589 1219 2650 idem
1255 2581 1663 2666 fecissemuS‚
1690 2589 1746 2650 si
1783 2589 1938 2653 data
1974 2591 2245 2654 fortuna
2282 2601 2471 2656 esset.

380 2689 617 2768 Itaque
658 2689 975 2768 quoniam
1010 2689 1199 2752 aliter
1239 2689 1337 2751 dis
1373 2689 1861 2752 immortalibus
1898 2699 1996 2753 est
2037 2691 2281 2770 visum,
2320 2711 2474 2755 curn

381 2797 665 2851 mortem
710 2806 794 2850 ne
840 2807 1142 2851 recusare
1196 2789 1464 2868 quidem
1516 2789 1815 2868 debeam,
1867 2791 2195 2854 cruciatus
2242 2801 2472 2856 contu-

382 2889 768 2967 meliasque,
841 2907 1003 2968 quas
1074 2897 1263 2966 parat
1329 2889 1558 2967 hostiS,
1632 2890 1792 2950 dum
1857 2890 2044 2968 liber,
2117 2891 2277 2953 dum
2340 2894 2472 2956 mei

386 2996 616 3066 potens
647 3006 819 3066 sum,
852 2988 1138 3066 effugere
1169 2997 1402 3067 morte,
1441 2997 1695 3068 praeter
1705 3009 1906 3069 quam
1939 2991 2238 3070 honesta,
2270 2993 2471 3056 etiam

379 3087 512 3150 leni
551 3105 840 3166 possum.
929 3089 1076 3149 Non
1114 3089 1356 3150 videbo
1390 3088 1516 3167 Ap.
1557 3090 1910 3152 Claudium
1945 3098 2009 3154 et
2045 3092 2121 3171 Q.
2159 3093 2471 3155 Fulvium
2505 3100 2575 3151 15

385 3187 658 3250 victoria
712 3187 1020 3250 insolenti
1074 3177 1413 3266 subnixos,
1469 3207 1687 3268 neque
1746 3190 2007 3253 vinctus
2068 3209 2182 3270 per
2236 3193 2469 3255 urbem
2544 3206 2555 3223 ‘

379 3289 757 3348 Romanam
807 3287 1127 3366 triumphi
1178 3288 1633 3366 spectaculum
1683 3290 1930 3368 trahar,
1984 3298 2059 3364 ut
2116 3292 2347 3354 deinde
2398 3293 2469 3353 in

380 3404 638 3448 carcere
679 3386 972 3464 expirem
1010 3394 1128 3449 aut
1169 3386 1258 3448 ad
1302 3387 1530 3466 palum
1575 3388 1897 3465 deligatus
1935 3389 2225 3454 lacerato
2270 3392 2468 3471 virgis

378 3495 563 3565 tergo
635 3486 959 3549 cervicem
1001 3487 1212 3549 securi
1259 3489 1604 3550 Romanae
1674 3489 2029 3569 subiciam;
2100 3509 2222 3553 nec
2297 3492 2468 3554 dirui

431 3687 509 3730 11.
565 3693 812 3736 nassum:
847 3693 1130 3735 :passuum
1524 3687 1603 3731 14.
1657 3685 1767 3730 mei
1794 3687 2015 3738 potens:
2036 3689 2260 3730 “master
2280 3691 2336 3731 ot
2362 3699 2465 3746 my-

432 3753 512 3798 12.
567 3753 818 3798 avertas:
847 3753 1099 3805 potential
1115 3753 1170 3794 ot
1188 3754 1276 3794 the
1303 3754 1376 3794 in·
1470 3754 1615 3794 selr.’·

379 3817 586 3860 definite
602 3820 786 3862 second
804 3827 1001 3878 person.
