2967 4384
1031 764 1449 929 'TITI
1549 715 1964 932 LIVI

948 1047 1090 1114 AB
1184 1049 1497 1114 URBE
1581 1049 2103 1120 CONDITA

1250 1306 1508 1379 LIBER
1552 1309 1833 1371 XXVIII

406 1455 440 1506 1
643 1439 792 1502 XII.
840 1439 1010 1501 Cum
1048 1439 1425 1502 Hannibale
1467 1441 1633 1502 nihil
1674 1460 1752 1504 eo
1792 1461 1970 1504 anno
2010 1443 2105 1506 rei
2144 1451 2407 1525 gestum
2446 1451 2566 1511 est.

471 1539 645 1601 Nam
684 1556 898 1618 neque
938 1540 1079 1618 ipse
1120 1559 1188 1601 se
1231 1540 1470 1602 obtulit
1510 1542 1581 1602 in
1619 1548 1763 1603 tam
1799 1544 2046 1605 recenti
2088 1547 2356 1607 volnere
2400 1546 2570 1625 pub-

471 1639 601 1702 lico
667 1639 1058 1718 privatoque
1121 1657 1336 1718 neque
1397 1641 1826 1704 lacessierunt
1893 1643 2190 1722 quietum
2249 1644 2567 1709 Romani:

474 1745 735 1801 tantam
778 1739 988 1802 inesse
1036 1739 1198 1817 vim,
1245 1740 1367 1802 etsi
1412 1737 1815 1804 omnia‘alia
1862 1742 2035 1804 circa
2080 1761 2235 1804 eum
2280 1751 2568 1824 ruerent,

406 1855 443 1905 2
473 1839 545 1900 in
596 1856 733 1900 uno
785 1839 898 1900 illo
956 1842 1119 1901 duce
1174 1840 1553 1904 censebant.
1642 1841 1736 1902 Ac
1790 1841 2010 1903 nescio
2063 1861 2152 1904 an
2204 1843 2595 1905 mirabilior

405 1953 441 2004 3
475 1938 773 2001 adversis
823 1957 1026 2018 quam
1070 1941 1377 2002 secundis
1422 1940 1622 2002 rebus
1667 1941 1887 2019 fuerit,
1940 1942 2182 2020 quippe
2236 1944 2369 2023 qui,
2416 1961 2573 2005 cum

475 2038 546 2100 in
603 2039 897 2101 hostium
951 2044 1126 2102 terra
1186 2059 1301 2120 per
1355 2058 1569 2102 annos
1624 2040 1944 2103 tredecim
1996 2048 2141 2103 tam
2199 2045 2425 2122 procul
2482 2043 2571 2105 ab

483 2133 681 2200 domo
737 2140 924 2202 varia
978 2140 1248 2202 fortuna
1307 2140 1555 2202 bellum
1609 2147 1859 2220 gereret
1915 2141 2202 2203 exercitu
2258 2160 2395 2204 non
2449 2159 2570 2204 suo

480 2239 680 2318 civili,
713 2242 830 2302 sed
861 2241 1068 2302 mixto
1100 2259 1179 2302 ex
1212 2241 1608 2302 conluvione
1642 2241 1943 2301 omnium
1973 2242 2292 2322 gentium,
2330 2242 2569 2321 quibus

479 2359 615 2401 non
652 2341 777 2419 lex,
817 2359 952 2403 non
991 2359 1158 2419 mos,
1197 2358 1334 2402 non
1369 2340 1597 2420 lingua
1636 2341 2030 2419 communi5‚
2071 2341 2240 2403 alius
2276 2342 2568 2419 habitus,

409 2462 448 2512 4
478 2441 611 2503 alia
659 2441 882 2519 vestiS‚
931 2440 1062 2503 alia
1110 2459 1320 2519 arma,
1369 2441 1482 2502 alii
1528 2440 1715 2520 rituS,
1765 2441 1897 2504 alia
1944 2459 2153 2520 sacra,
2203 2441 2315 2504 alii
2366 2460 2569 2521 prope

483 2541 587 2602 dei
627 2548 865 2619 essent,
906 2541 1002 2603 ita
1046 2541 1339 2620 quodam
1377 2559 1515 2602 uno
1556 2540 1824 2602 vinculo
1866 2541 2276 2620 copulaverit
2319 2560 2452 2619 eos,
2492 2547 2570 2604 ut

409 2665 444 2716 5
478 2642 664 2708 nulla
712 2660 833 2705 nec
884 2641 1072 2705 inter.
1105 2641 1284 2720 ipsos
1335 2660 1456 2704 nec
1509 2640 1830 2704 adversus
1886 2641 2122 2703 ducem
2172 2641 2406 2705 seditio
2460 2660 2571 2704 ex-

475 2741 702 2820 titerit,
764 2759 918 2804 cum
977 2749 1040 2804 et
1104 2741 1382 2820 pecunia
1440 2759 1636 2821 saepe
1696 2741 1766 2802 in
1824 2741 2233 2820 stipendium
2277 2747 2341 2804 et
2388 2727 2570 2804 com-

476 2849 737 2904 meatus
774 2831 844 2904 in
880 2843 1174 2904 hostium
1211 2860 1368 2922 agro
1412 2843 1731 2919 deessent,
1768 2859 2051 2921 quorum
2086 2842 2315 2922 inopia
2355 2842 2568 2920 priore

477 2943 726 3004 Punico
802 2943 972 3006 bello
1045 2944 1257 3004 multa
1328 2942 1607 3004 infanda
1679 2942 1849 3004 inter
1924 2942 2121 3004 duces
2193 2942 2567 3021 militesque

409 3060 445 3112 6
476 3042 831 3106 commissa
891 3043 1178 3105 fuerant.
1268 3042 1422 3104 Post
1483 3041 1923 3105 Hasdrubalis
1987 3060 2145 3104 vero
2209 3042 2570 3104 exercitum

476 3161 632 3204 cum
702 3145 887 3221 duce,
953 3143 1025 3203 in
1095 3141 1334 3222 quibus
1399 3160 1549 3220 spes
1616 3141 1831 3203 omnis
1894 3141 2185 3220 reposita
2252 3141 2566 3204 victoriae

473 3243 714 3322 fuerat,
752 3245 1041 3305 deletum
1072 3241 1499 3321 cedendoque
1531 3242 1602 3301 in
1633 3244 1953 3321 angulum
1982 3241 2321 3304 Bruttium
2352 3246 2568 3304 cetera

475 3424 593 3469 XII.
639 3427 747 3470 1-9.
792 3424 910 3468 The
928 3423 1224 3468 Greatness
1250 3422 1314 3466 of
1333 3421 1474 3466 Han·
1618 3425 1665 3466 4.
1721 3421 1873 3467 inter
1890 3422 2065 3474 ipsos:
2090 3421 2260 3464 πέπων
2276 3431 2337 3463 ⁸0.

640 3493 791 3536 nibal
808 3493 1009 3537 Shown
1025 3493 1084 3535 in
1099 3492 1311 3536 Deseat.
1622 3493 1667 3534 5.
1720 3491 1905 3534 multa
1946 3489 2200 3535 infanda:
2251 3500 2343 3541 eg.
2389 3490 2446 3531 ln
2480 3490 2568 3532 the

527 3560 575 3605 8.
629 3560 856 3612 mappa:
898 3559 1194 3600 introduces
1235 3559 1322 3600 the
1349 3557 1474 3599 rela·
1568 3555 1756 3596 Bellum
1771 3556 1809 3596 A
1807 3556 2018 3608 sricum‚·
2042 3567 2124 3598 see
2139 3559 2203 3599 21.
2226 3558 2263 3598 1.
2283 3559 2321 3599 4.

476 3628 582 3669 tivo
598 3627 769 3668 clause
787 3631 841 3668 to
869 3627 1011 3668 show
1039 3626 1125 3666 the
1150 3625 1324 3666 causal
1351 3625 1476 3665 rela-
1620 3625 1667 3668 6.
1721 3623 1945 3675 qulbus:
1971 3625 2133 3665 refers
2160 3628 2215 3666 to
2244 3625 2371 3666 both
2399 3620 2567 3665 exerei-

476 3696 598 3737 tion.
629 3693 812 3738 civili:
832 3693 1100 3744 composed
1118 3693 1173 3733 ot
1188 3693 1270 3733 his
1288 3693 1475 3733 tellow-
1568 3691 1671 3730 tum
1714 3691 1816 3734 and
1858 3690 1987 3731 duce.
2051 3699 2395 3736 eoncessum:
2443 3691 2565 3731 used

475 3763 687 3804 citizens
705 3760 1161 3811 (Carthaginians).
1215 3758 1471 3804 conluvl-
1567 3757 1945 3810 impersonally.
2034 3756 2284 3810 Compare
2334 3756 2563 3804 auditum.

476 3836 602 3874 one:
631 3837 711 3868 see
727 3829 789 3867 22.
812 3828 873 3867 43.
894 3829 930 3868 2.
1566 3826 1631 3865 27.
1649 3825 1711 3864 45.
1733 3825 1770 3864 4.

1485 3892 1560 3933 140
