2967 4384
577 178 650 232 54
1488 179 1551 234 τ.
1588 177 1755 262 m
2446 179 2605 246 [lxiii.
2632 180 2668 232 5

577 366 868 429 rumque
891 349 1218 412 feriarum
1242 367 1434 412 mora
1461 355 1528 412 et
1556 350 2023 412 consularibus
2049 351 2196 413 aliis
2220 349 2665 428 impedimen-

579 450 663 511 tis
697 454 1074 512 retenturos
1110 468 1179 512 se
1213 449 1286 510 in
1319 450 1510 529 urbe,
1547 450 1861 513 simulato
1883 451 2117 513 itinere
2157 449 2458 530 privatus
2490 450 2667 512 clam

510 557 547 609 6
577 550 649 610 in
680 549 1099 628 provinciam
1123 549 1312 613 abiit.
1403 551 1503 612 Ea
1528 567 1634 613 res
1660 551 1778 612 ubi
1808 551 2033 630 palam
2055 550 2238 613 facta
2264 556 2386 629 est,
2412 567 2667 612 novam

577 648 856 728 insuper
882 649 1056 711 iram
1081 650 1341 712 infestis
1368 648 1508 712 iam
1534 657 1691 713 ante
1727 651 2030 731 patribus
2056 650 2299 713 movit:
2345 668 2483 712 non
2511 668 2669 712 cum

580 754 820 818 senatu
861 748 1066 811 modo
1103 749 1223 811 sed
1259 749 1399 812 iam
1437 767 1594 812 cum
1628 750 1751 812 diis
1788 751 2283 816 immortalibus
2315 751 2385 814 C.
2424 751 2673 812 Flami-

474 851 544 902 11
579 850 772 911 nium
811 850 1063 913 bellum
1098 868 1346 929 gerere.
1465 851 1959 914 Revocandum
1993 851 2291 914 universi
2326 849 2669 913 retrahen-

586 951 881 1029 dumque
931 956 1336 1013 censuerunt
1371 956 1437 1012 et
1479 951 1858 1029 cogendum
1900 951 2215 1013 omnibus
2248 951 2430 1031 prius
2481 969 2670 1030 prae-

581 1056 840 1113 sentem
895 1050 966 1110 in
1042 1051 1200 1113 deos
1256 1051 1697 1131 hominesque
1751 1050 1945 1130 fungi
2002 1051 2258 1130 officiiS,
2320 1068 2525 1131 quam
2579 1053 2671 1113 ad

477 1163 549 1214 12
575 1150 950 1213 exercitum
977 1157 1043 1214 et
1075 1151 1148 1211 in
1178 1151 1598 1230 provinciam
1624 1151 1770 1213 iret.
1891 1151 1973 1212 In
1998 1168 2150 1213 eam
2179 1151 2675 1230 legationem—

579 1251 838 1329 legatos
882 1251 1064 1312 enim
1116 1251 1293 1312 mitti
1334 1251 1586 1330 placuit
1607 1285 1690 1295 -—
1712 1252 1789 1330 Q.
1826 1251 2173 1313 Terentius
2210 1255 2277 1313 et
2313 1252 2404 1314 M.
2442 1250 2667 1313 Antis-

585 1351 718 1412 tius
760 1351 1040 1430 profecti
1079 1350 1291 1412 nihilo
1329 1350 1545 1429 magis
1583 1368 1741 1413 eum
1777 1357 2158 1430 moverunt,
2203 1369 2408 1431 quam
2448 1350 2665 1429 priore

481 1463 552 1516 13
587 1450 942 1513 consulatu
973 1450 1234 1513 litterae
1269 1454 1625 1512 moverant
1658 1450 1747 1512 ab
1781 1454 2021 1512 senatu
2053 1449 2318 1513 missae.
2410 1452 2672 1513 Paucos

590 1555 738 1629 post
795 1550 932 1612 dies
985 1550 1458 1628 magistratum
1509 1549 1681 1629 iniit,
1732 1548 2247 1630 immolantique
2300 1549 2360 1612 ei
2417 1549 2672 1612 vitulus

583 1650 723 1712 iam
762 1649 934 1712 ictus
975 1667 1009 1711 e
1051 1650 1370 1712 manibus
1409 1648 1941 1714 sacrificantium,
1977 1667 2119 1712 sese
2161 1668 2317 1712 cum
2360 1650 2665 1730 proripu-

582 1751 764 1830 isset,
807 1749 1056 1812 multos
1099 1750 1609 1813 circumstantes
1652 1767 1885 1812 cruore
1926 1749 2268 1830 respersit3
2312 1750 2475 1829 fu'ga
2521 1767 2673 1830 pro-

481 1868 553 1919 14
586 1850 694 1912 cul
746 1850 952 1912 etiam
1003 1851 1219 1912 maior
1270 1850 1456 1930 apud
1508 1850 1800 1930 ignaroS‚
1859 1849 2021 1930 quid
2080 1849 2551 1930 trepidaretur,
2604 1857 2673 1912 et

587 1950 1008 2013 concursatio
1033 1951 1186 2013 fuit.
1277 1950 1358 2012 Id
1383 1969 1425 2012 a
1460 1950 1793 2030 plerisque
1818 1949 1892 2010 in
1919 1968 2118 2012 omen
2143 1950 2372 2029 magni
2400 1950 2672 2012 terroris

477 2072 547 2124 15
582 2057 960 2131 acceptum.
1055 2051 1459 2129 Legionibus
1500 2050 1658 2113 inde
1706 2050 1969 2114 duabus
2010 2069 2051 2113 a
2098 2050 2493 2130 Sempronio
2539 2051 2671 2130 pri-

585 2151 716 2213 oris
752 2151 914 2213 anni
950 2152 1246 2229 consule,
1289 2151 1554 2213 duabus
1604 2169 1645 2212 a
1699 2151 1769 2213 C.
1797 2151 1999 2212 Atilio
2039 2157 2342 2230 praetore
2378 2150 2671 2230 acceptis

582 2254 654 2312 in
692 2251 1034 2313 Etruriam
1077 2269 1194 2330 per
1221 2251 1616 2331 ⁴Appennini
1656 2251 1958 2313 tramites
1998 2251 2325 2318 exercitus
2368 2249 2521 2313 duci
2569 2256 2671 2313 est

585 2357 883 2430 coeptus,

585 2542 784 2579 narum
795 2532 1086 2579 feriarum:
1109 2535 1194 2575 the
1208 2535 1363 2576 Latin
1376 2534 1582 2576 festival
1729 2535 1806 2579 12.
1862 2532 2118 2578 litterae:
2138 2543 2220 2575 see
2239 2533 2261 2585 ς
2280 2534 2317 2574 2.

584 2603 640 2642 in
678 2602 842 2643 honor
883 2602 937 2642 ot
985 2602 1191 2653 Jupiter
1240 2602 1480 2650 Latiaris,
1528 2605 1583 2644 at
1728 2603 1807 2646 13.
1859 2601 1937 2646 ei:
1971 2601 2143 2656 dative
2188 2602 2244 2641 or
2287 2601 2668 2650 disadvantage.

584 2669 753 2710 which
787 2678 820 2710 a
860 2669 1041 2710 consul
1081 2673 1224 2710 must
1256 2670 1473 2720 preside,
1507 2679 1584 2710 oc·
1679 2669 1781 2710 “As
1799 2669 1861 2709 he
1874 2677 1980 2710 was
2013 2667 2303 2719 sprinkling
2330 2667 2465 2708 meal
2489 2676 2558 2708 on
2583 2668 2673 2708 the

585 2735 765 2787 cupied
795 2737 914 2776 tour
939 2736 1081 2786 days.
1144 2734 1581 2786 impedimentis:
1675 2735 1857 2776 victlm
1878 2745 1903 2777 s
1931 2734 2111 2776 head.”

587 2802 869 2844 “obstacles
881 2802 1081 2842 thrown
1093 2801 1149 2841 in
1169 2803 1256 2843 the
1271 2811 1386 2853 way
1401 2803 1457 2843 οἳ
1471 2811 1586 2843 con·
1727 2803 1808 2846 15.
1857 2799 1946 2845 est
1981 2799 2235 2850 coeptus:
2272 2810 2353 2842 see
2384 2799 2449 2841 28.
2488 2801 2525 2841 4.
2580 2799 2674 2842 We
2746 2781 2751 2784 ¹

585 2869 704 2908 suls.
715 2869 744 2888 ’⁹
777 2868 867 2910 We
881 2877 967 2908 are
982 2867 1135 2918 given
1147 2877 1178 2909 a
1188 2867 1307 2908 hint
1318 2869 1374 2908 ot
1389 2869 1585 2911 certain
1676 2867 1858 2909 should
1868 2869 2047 2919 expect
2058 2865 2313 2908 exercitum
2324 2865 2491 2907 ducere
2504 2864 2669 2916 coepit.

585 2935 785 2977 Roman
808 2933 1042 2975 methods
1058 2933 1114 2975 ot
1137 2933 1491 2985 fllibustering.
