2967 4384
404 247 562 302 xlvii.
589 247 684 312 11]
959 287 968 294 .
1214 245 1442 300 LIBER
1477 245 1707 299 XXVII
2386 244 2492 296 133

404 421 767 483 faciebant:
836 419 991 483 bina
1054 425 1262 496 erant,
1327 418 1498 480 sicut
1558 425 1711 478 ante
1776 417 2144 479 adventum
2206 416 2491 478 consulis

404 521 674 583 alterius
719 521 1006 599 fuerant,
1051 537 1190 581 una
1234 520 1325 580 M.
1374 518 1565 596 Livii,
1612 520 1820 580 altera
1866 519 1936 579 L.
1985 518 2195 595 Porci,
2242 517 2491 579 neutris

410 623 790 700 quicquam,
838 638 968 700 quo
1008 621 1207 682 latius
1247 621 1647 696 tenderetur,
1690 619 1778 680 ad
1819 617 2233 679 munimenta
2275 616 2493 679 adiec-

403 727 570 783 tum.
660 721 834 783 Illud
867 727 1159 783 veterem
1194 721 1429 781 ducem
1461 719 1947 796 adsuetumque
1980 719 2285 778 Romano
2317 717 2492 779 hosti
2525 726 2560 777 6

405 821 639 899 movit,
691 820 869 899 quod
915 821 1115 882 semel
1160 820 1229 880 in
1280 819 1621 898 praetoriis
1667 818 1897 880 castris
1942 817 2227 897 signum,
2279 815 2377 878 bis
2420 817 2490 877 in

405 920 863 983 consularibus
914 919 1286 981 referebant
1339 917 1670 981 cecinisse.
1762 919 1944 979 Duos
2001 917 2292 995 profecto
2335 935 2492 978 con-

402 1023 577 1083 sules
616 1040 776 1098 esse,
817 1026 881 1082 et
923 1037 1215 1098 quonam
1252 1019 1452 1080 modo
1491 1020 1657 1081 alter
1693 1018 1779 1079 ab
1818 1017 2193 1079 Hannibale
2232 1017 2492 1080 absces-

401 1121 614 1199 sisset,
664 1137 823 1182 cura
870 1119 1176 1200 angebat.
1266 1117 1539 1180 Minime
1587 1118 1679 1196 id,
1734 1118 1911 1196 quod
1959 1123 2120 1195 erat,
2170 1117 2490 1195 suspicari
2523 1125 2560 1176 6

405 1226 685 1300 poterat,
723 1226 950 1282 tantae
989 1218 1082 1281 rei
1120 1218 1545 1280 frustratione
1585 1218 2034 1279 Hannibalem
2072 1219 2351 1294 elusum,
2391 1224 2488 1295 ut,

400 1321 519 1381 ubi
577 1320 730 1398 dux,
781 1319 899 1380 ubi
952 1317 1272 1381 exercitus
1324 1324 1514 1396 esset,
1568 1335 1723 1378 cum
1779 1334 1908 1396 quo
1961 1323 2175 1379 castra
2227 1319 2489 1379 conlata

400 1421 699 1498 haberet,
762 1419 1122 1498 ignoraret3
1186 1417 1479 1496 profecto
1541 1417 1725 1479 haud
1787 1416 2101 1479 mediocri
2144 1417 2329 1480 clade
2370 1417 2491 1479 ab-
2524 1425 2561 1476 7

399 1519 740 1582 sterritum
785 1518 1046 1597 insequi
1092 1535 1228 1578 non
1275 1533 1543 1594 ausum;
1590 1535 1833 1596 magno
1882 1534 2075 1595 opere
2125 1517 2356 1596 vereri,
2404 1536 2488 1580 ne

405 1619 675 1698 perditis
707 1618 905 1681 rebus
937 1635 1159 1680 serum
1191 1617 1329 1695 ipse
1364 1616 1686 1678 auxilium
1719 1616 2003 1679 venisset
2036 1617 2487 1696 Romanisque

399 1721 637 1781 eadem
692 1719 829 1780 iam
885 1717 1156 1779 fortuna
1212 1715 1282 1777 in
1338 1717 1533 1778 Italia
1596 1734 1763 1795 quae
1821 1717 1891 1777 in
1932 1717 2256 1798 Hispania
2296 1726 2485 1781 esset.

399 1820 745 1881 Interdum
785 1818 1036 1880 litteras
1078 1835 1233 1879 suas
1275 1818 1362 1878 ad
1405 1834 1562 1879 eum
1602 1835 1739 1877 non
1786 1817 2156 1895 pervenisse
2201 1818 2486 1895 credere,
2520 1835 2557 1886 8

396 1918 908 1996 interceptisque
993 1917 1072 1977 iis
1155 1919 1495 1978 consulem
1579 1917 1666 1978 ad
1748 1934 1887 1978 sese
1972 1903 2488 1995 opprimendum

395 2020 824 2081 adcelerasse.
914 2015 1035 2078 His
1086 2016 1320 2077 anxius
1371 2016 1546 2078 curis
1596 2016 1897 2078 extinctis
1946 2016 2209 2095 ignibus
2260 2017 2487 2096 vigilia

398 2119 615 2198 prima
659 2118 813 2179 dato
856 2115 1065 2196 signo,
1108 2123 1184 2178 ut
1224 2116 1408 2178 taciti
1451 2133 1616 2178 vasa
1658 2117 2055 2195 colligerent,
2100 2117 2288 2195 signa
2328 2116 2484 2179 ferri

392 2218 604 2279 iussit.
694 2218 775 2278 In
851 2216 1289 2295 trepidatione
1368 2222 1432 2279 et
1510 2222 1835 2278 nocturno
1912 2218 2204 2278 tumultu
2287 2217 2484 2279 duces
2517 2233 2554 2284 9

397 2335 637 2398 parum
686 2317 936 2378 intente
990 2315 1347 2393 adservati,
1402 2318 1569 2378 alter
1620 2316 1690 2376 in
1748 2315 2087 2378 destinatis
2140 2317 2275 2377 iam
2329 2323 2482 2379 ante

391 2418 620 2480 animo
659 2415 929 2478 latebris
968 2414 1287 2493 subsedit,
1328 2417 1495 2476 alter
1538 2433 1651 2493 per
1690 2416 1868 2477 vada
1906 2423 2065 2478 nota
2104 2415 2483 2478 Metaurum

391 2519 644 2579 flumen
671 2516 990 2578 tranavit.·
1074 2516 1179 2577 Ita
1211 2516 1542 2577 desertum
1571 2515 1658 2576 ab
1692 2515 1967 2592 ducibus
1997 2534 2237 2595 agmen
2269 2517 2481 2595 primo

397 2635 512 2696 per
568 2635 762 2696 agros
822 2617 1104 2694 palatur,
1161 2615 1448 2693 fessique
1507 2615 1761 2694 aliquot
1818 2615 2046 2677 itinere
2105 2634 2181 2677 ac
2242 2617 2481 2695 vigiliis

392 2721 696 2778 sternunt
772 2733 1007 2778 somno
1084 2733 1360 2794 corpora
1440 2715 1685 2794 passim
1760 2721 1961 2793 atque
2034 2715 2204 2776 infre
2214 2717 2480 2794 quentia

393 2818 777 2894 relinquunt
807 2816 1014 2896 signa.
1105 2815 1509 2892 Hasdrubal,
1544 2817 1703 2875 dum
1731 2818 1843 2877 lux
1874 2815 2055 2876 viam
2086 2817 2477 2895 ostenderet,
2516 2828 2586 2878 10

393 2917 542 2996 ripa
567 2917 860 2978 fluminis
886 2917 1073 2996 signa
1099 2915 1255 2977 ferri
1281 2916 1486 2993 iubet,
1517 2922 1580 2976 et
1611 2934 1724 2993 per
1749 2916 2026 2977 tortuosi
2053 2917 2271 2978 amnis
2297 2917 2480 2979 sinus

393 3018 734 3094 flexusque
778 3033 930 3077 cum
970 3017 1092 3077 iter
1133 3033 1346 3077 errore
1388 3017 1737 3077 revolvens
1777 3016 1959 3076 haud
2001 3018 2289 3077 multum
2333 3035 2481 3095 pro-

395 3117 715 3193 cessisset,
759 3114 876 3176 ubi
922 3116 1133 3193 prima
1174 3117 1287 3176 lux
1329 3116 1684 3177 transitum
1747 3122 2199 3194 opportunum
2262 3123 2479 3179 osten-

399 3218 619 3294 disset,
656 3215 1052 3278 transiturus
1081 3221 1240 3277 erat.
1330 3215 1456 3276 Sed
1504 3233 1658 3276 cum
1691 3222 2015 3293 quantum
2060 3235 2101 3276 a
2145 3217 2315 3277 mari
2360 3217 2479 3278 ab-
2515 3227 2581 3278 11

445 3401 494 3443 4.
547 3398 702 3442 bina:
732 3407 796 3438 sc.
828 3396 996 3437 caetra.
1053 3395 1144 3437 See
1168 3397 1230 3437 22.
1260 3397 1321 3436 44.
1351 3398 1384 3437 1.
1533 3396 1579 3440 ’1.
1635 3403 1838 3439 serum:
1864 3399 1980 3435 “too
2000 3397 2150 3436 latest

394 3466 571 3510 Porci:
591 3466 647 3506 L.
670 3464 882 3506 Porcius
909 3464 1116 3505 Licinus
1145 3465 1230 3505 the
1249 3473 1384 3514 prae·
1530 3464 1576 3506 8.
1633 3471 1770 3507 vasa
1791 3462 2144 3514 colligerent:
2166 3473 2245 3503 see
2268 3465 2328 3504 21.
2351 3467 2411 3504 47.
2434 3467 2469 3504 2.

397 3537 479 3574 tor
498 3517 596 3573 h'ad
622 3532 794 3581 joined
813 3530 892 3572 his
918 3533 1080 3571 forces
1100 3535 1153 3571 to
1173 3532 1316 3572 those
1333 3532 1387 3571 ot
1531 3531 1577 3572 9.
1634 3529 1823 3574 duces:
1910 3540 1975 3570 sc.
2064 3529 2275 3580 itineris,·
2353 3533 2473 3572 “the

397 3601 588 3641 Livius.
1478 3597 1668 3648 guldes.
1680 3598 1705 3614 ⁹*

447 3669 493 3712 6.
548 3665 746 3711 tantae
774 3663 859 3709 rei
885 3663 1276 3709 frustratione:
1305 3663 1384 3704 lit·
1531 3664 1608 3708 10.
1667 3663 1777 3707 tter
1843 3662 2158 3708 revolvens:
2230 3665 2473 3716 “turning

396 3735 553 3785 erally
580 3731 875 3783 “deception
892 3730 946 3771 111
973 3740 1030 3771 so
1052 3730 1336 3780 important
1355 3740 1385 3771 a.
1478 3730 1605 3771 back
1617 3739 1683 3771 on
1702 3731 1787 3771 the
1800 3731 1972 3770 road.''

397 3801 634 3842 matter-J·
686 3797 1058 3842 Translate⁰so
1084 3797 1282 3854 grossly
1308 3798 1386 3838 de·
1530 3798 1607 3840 11.
1664 3798 1953 3848 quantum:
1987 3806 2067 3836 see
2094 3797 2155 3836 21.
2190 3797 2251 3836 31.
2289 3799 2325 3838 2.
2382 3797 2472 3838 We

396 3867 564 3916 cenred
585 3867 744 3910 maw’
1477 3864 1659 3908 should
1686 3867 1862 3920 expect
1890 3865 2063 3907 rather
2088 3864 2268 3918 quanto
2296 3864 2420 3910 with
2439 3875 2471 3917 a
