2967 4384
549 209 622 266 'm
1291 168 1298 174 ’
1462 213 1527 271 τ.
1565 213 1728 274 mn
2466 220 2583 292 [111.
2610 218 2643 277 1

546 384 811 462 ingenio
859 386 1210 450 materiam
1257 389 1459 451 etiam
1504 390 1775 454 fortuna
1826 393 2027 471 dedit,
2080 396 2260 474 quod
2306 396 2378 458 in
2428 394 2643 476 prohi-

488 493 493 500 “
552 484 783 547 bendis
842 485 1346 563 praedatoribus
1397 491 1834 553 tumultuario
1893 494 2138 572 proelio
2190 513 2270 557 ac
2329 512 2645 574 procursu

548 586 761 666 magis
808 585 1098 648 militum
1150 605 1354 667 quam
1398 606 1478 651 ex
1529 598 1923 670 praeparato
1967 601 2088 656 aut
2131 595 2317 656 iussu
2360 596 2643 674 impera-

547 695 770 750 torum
819 696 964 752 orto
1010 691 1546 770 haudquaquam
1598 709 1716 773 par
1785 693 2021 755 Poenis
2094 695 2428 758 dimicatio
2492 695 2643 758 fuit.

479 797 516 848 2
546 789 650 850 Ad
683 789 860 850 mille
906 796 971 853 et
1015 789 1413 868 septingenti
1461 791 1656 868 caesi,
1704 809 1842 853 non
1892 794 2038 872 plus
2083 801 2352 857 centum
2396 795 2643 856 Roma-

547 906 789 950 norum
826 889 1293 969 sociorumque
1329 891 1581 952 occisis,
1694 892 2002 954 Ceterum
2040 894 2401 957 victoribus
2436 895 2644 957 effuse

546 992 981 1069 sequentibus
1046 999 1230 1054 metu
1295 991 1692 1053 insidiarum
1758 993 2015 1057 obstitit
2079 996 2324 1057 Paulus
2390 997 2643 1074 consul,

477 1102 515 1154 3
549 1089 736 1151 cuius
786 1108 864 1152 eo
919 1090 1019 1153 die
1050 1126 1131 1135 —
1155 1109 1316 1153 nam
1363 1091 1635 1154 alternis
1682 1091 2155 1171 imperitabant
2180 1130 2261 1138 --
2288 1095 2645 1174 imperium

547 1198 710 1270 erat,
743 1191 1036 1254 Varrone
1066 1191 1456 1271 indignante
1486 1210 1567 1254 ac
1602 1192 2005 1255 vociferante
2036 1194 2353 1256 emissum
2383 1194 2644 1258 hostem

546 1308 583 1353 e
642 1292 956 1354 manibus
1022 1291 1491 1371 debellarique,
1552 1292 1622 1352 ni
1683 1299 2014 1354 cessatum
2069 1294 2266 1373 foret,
2330 1294 2641 1373 potuisse.

478 1415 511 1465 1
716 1393 952 1455 XLIII.
1001 1392 1341 1454 Hannibal
1380 1399 1737 1471 postquam
1772 1399 1990 1454 motos
2023 1394 2237 1472 magis
2271 1394 2642 1457 inconsulte

545 1493 888 1556 Romanos
940 1511 1145 1573 quam
1189 1493 1278 1554 ad
1326 1493 1641 1555 ultimum
1686 1498 1931 1554 temere
1978 1500 2243 1556 evectos
2294 1493 2479 1572 vidit,
2527 1511 2643 1557 ne·

476 1617 514 1668 2
551 1594 874 1672 quiquam
914 1593 1172 1655 detecta
1199 1593 1437 1654 fraude
1466 1592 1538 1653 in
1568 1599 1785 1654 castra
1814 1593 2028 1656 rediit.
2117 1594 2222 1655 Ibi
2254 1594 2471 1673 plures
2504 1593 2642 1656 dies

551 1700 816 1772 propter
851 1693 1153 1772 inopiam
1175 1692 1507 1753 -frumenti
1542 1709 1810 1753 manere
1846 1693 2101 1771 nequit,
2137 1711 2449 1772 novaque
2486 1710 2642 1757 con-

545 1792 690 1855 silia
717 1792 789 1854 in
821 1793 956 1854 dies
983 1811 1121 1854 non
1146 1793 1331 1871 apud
1359 1791 1603 1853 milites
1629 1792 1847 1852 solum
1871 1792 2113 1854 mixtos
2138 1811 2218 1854 ex
2246 1793 2641 1855 conluvione

548 1893 851 1954 omnium
883 1893 1182 1972 gentium
1215 1893 1332 1954 sed
1366 1893 1571 1954 etiam
1592 1891 1775 1968 apud
1814 1890 2051 1952 ducem
2082 1893 2305 1971 ipsum
2339 1893 2642 1955 orieban-

477 2019 514 2069 3
546 2001 677 2056 tur.
766 1994 938 2055 Nam
966 2011 1122 2055 cum
1147 1993 1338 2054 initio
1366 1992 1693 2068 fremituS‚
1729 1990 1962 2051 deinde
1990 1999 2224 2070 aperta
2257 1993 2643 2056 vociferatio

541 2093 779 2156 fuisset
809 2094 1306 2172 exposcentium
1330 2090 1742 2170 stipendium
1766 2089 2063 2152 debitum
2091 2092 2641 2170 querentiumque

545 2212 887 2256 annonam
962 2193 1195 2272 primo,
1272 2199 1605 2270 postremo
1672 2190 1946 2268 famem,
2018 2198 2085 2253 et
2153 2193 2640 2254 mercennarios

544 2294 786 2355 milites
836 2293 1123 2355 maxime
1175 2291 1459 2371 Hispani
1510 2289 1765 2370 generis
1820 2288 1899 2350 de
1950 2291 2340 2354 transitione
2391 2292 2640 2371 cepisse

478 2402 515 2453 4
547 2393 898 2455 consilium
933 2393 1117 2454 fama
1154 2399 1345 2469 esset,
1385 2391 1527 2470 ipse
1565 2389 1768 2451 etiam
1804 2387 2141 2452 interdum
2179 2391 2518 2452 Hannibal
2560 2390 2639 2452 de

542 2496 706 2574 fuga
749 2495 821 2555 in
867 2495 1147 2556 Galliam
1195 2493 1432 2555 dicitur
1476 2492 1785 2572 agitasse,
1830 2495 2033 2557 ita-ut
2079 2492 2305 2554 relicto
2341 2491 2642 2570 peditatu

480 2606 515 2657 5
548 2594 731 2656 omni
777 2613 932 2656 cum
975 2592 1312 2672 equitibus
1355 2609 1423 2652 se
1473 2591 1855 2670 proriperet.
1946 2592 2114 2654 Cum
2157 2590 2321 2652 haec
2368 2589 2639 2652 consilia

544 2702 749 2774 atque
804 2695 909 2756 hic
963 2693 1234 2755 habitus
1286 2690 1669 2753 animorum
1720 2699 1892 2755 esset
1941 2692 2011 2751 in
2064 2690 2316 2768 castriS‚
2370 2707 2637 2751 movere

544 2795 700 2857 inde
752 2794 984 2857 statuit
1031 2794 1102 2854 in
1153 2792 1468 2853 calidiora
1518 2798 1721 2870 atque
1771 2810 1850 2854 eo
1900 2790 2263 2853 maturiora
2313 2789 2637 2851 messibus

547 2895 824 2977 Apuliae
857 2895 1026 2972 loca,
1061 2893 1259 2954 simul
1299 2891 1500 2971 quod,
1541 2910 1672 2969 quo
1704 2892 1964 2970 longius
1998 2891 2086 2952 ab
2120 2890 2307 2952 hoste
2340 2888 2634 2951 recessis-

482 2996 517 3046 6
546 3002 667 3073 set,
705 2994 1074 3072 transfugia
1110 2992 1510 3070 inpeditiora
1545 2992 1807 3054 levibus
1842 2991 2119 3069 ingeniis
2154 2995 2391 3051 essent.
2481 2990 2635 3051 Pro·

602 3163 647 3205 1.
718 3159 1118 3204 tumultuario:
1214 3156 1549 3206 “irregular.'’
1645 3160 1893 3207 apparent
1910 3155 2165 3196 desertion
2182 3155 2236 3194 ot
2262 3153 2343 3194 his
2368 3161 2517 3203 camp
2533 3161 2637 3194 was

549 3227 695 3273 orto:
776 3227 989 3278 parallel
1046 3225 1173 3265 with
1235 3223 1549 3264 tumultuario
1644 3225 1899 3264 described
1919 3223 1973 3262 in
2000 3224 2208 3272 chapter
2226 3222 2287 3260 42.

550 3295 787 3344 agreeing
799 3294 925 3333 with
951 3291 1153 3341 proelio·
1695 3292 1742 3334 2.
1798 3288 2151 3334 conluvione:
2182 3290 2243 3328 “a
2261 3287 2455 3337 medley
2482 3287 2536 3326 ot
2570 3285 2635 3326 all

599 3363 645 3405 2.
704 3360 792 3404 ad:
829 3361 1072 3406 “about'’;
1117 3359 1235 3398 does
1277 3361 1370 3398 not·
1405 3358 1553 3398 affeet·
1646 3358 1900 3398 nations.·’

550 3430 635 3468 the
653 3438 766 3468 case
784 3428 840 3466 or
857 3428 942 3466 the
960 3425 1204 3466 numeral.
1697 3425 1743 3468 8.
1798 3430 2096 3466 annonam:
2121 3423 2239 3462 “the
2266 3420 2388 3471 high
2420 3421 2558 3471 price
2585 3420 2637 3460 ot

602 3496 647 3538 3.
705 3492 967 3538 alternis:
988 3503 1054 3533 sc.
1076 3491 1246 3532 diebus.
1646 3491 1813 3536 food,'’
1833 3490 2052 3541 opposed
2080 3493 2134 3528 to
2151 3487 2354 3537 samem,
2379 3487 2637 3528 “absolute

1644 3559 1831 3598 want.'’

575 3610 857 3654 XLHI'LI·
907 3611 957 3654 ⁴·
1010 3607 1194 3652 Batfle
1213 3609 1275 3651 ⁰f
1294 3608 1528 3652 cannae·
1696 3625 1740 3667 ὖ.
1794 3622 2089 3669 messibus:
2111 3621 2334 3662 ablative
2352 3623 2407 3662 ot
2426 3623 2639 3670 respect.

604 3697 650 3739 1.
703 3694 1064 3746 nequiquam:
1107 3692 1340 3733 modifies
1390 3690 1548 3732 rediit.
1645 3691 1705 3729 In
1724 3691 1907 3740 Apulia
1943 3691 2029 3729 the
2050 3690 2257 3729 harvest
2284 3687 2461 3738 begins
2480 3688 2534 3726 in
2553 3687 2637 3730 the

549 3762 771 3808 fraude:
810 3764 896 3802 the
936 3769 1058 3800 ruse
1098 3761 1152 3798 ot
1194 3758 1453 3799 Hannibal
1497 3762 1550 3797 to
1642 3757 1798 3796 latter
1817 3757 2006 3806 partor
2041 3755 2198 3805 April.
2255 3752 2635 3804 impeditior-at

551 3832 691 3872 draw
728 3830 813 3869 the
850 3829 1073 3868 Romans
1101 3826 1210 3866 into
1238 3825 1454 3866 ambush
1484 3826 1549 3874 by
1644 3823 1828 3874 supply
1848 3832 1914 3863 an
1940 3830 2009 3869 εο,
2027 3820 2326 3862 correlative
2337 3820 2464 3860 with
2483 3827 2594 3868 quo.
