2967 4384
541 276 648 331 160
1455 269 1518 327 τ.
1552 266 1717 328 mvi
2385 267 2564 340 [xxix.
2590 265 2626 325 ε

538 457 703 513 teret
753 466 1007 529 pacem,
1071 447 1387 526 aequiora
1433 445 1776 525 impetrari
1835 462 2023 524 posse
2062 452 2267 523 ratus,
2314 446 2627 507 nuntium

539 552 626 612 ad
656 549 1030 628 Scipionem
1102 546 1303 625 misit,
1347 553 1424 608 ut
1467 545 1911 623 conloquendi
1948 563 2176 606 secum
2234 552 2628 624 potestatem

471 653 509 705 8
539 651 804 712 faceret.
895 647 1110 727 Scipio
1149 666 1305 709 cum
1339 647 1772 726 conloquium
1804 648 1989 709 haud
2024 647 2387 726 abnuisset,
2423 647 2625 709 ambo

540 769 619 812 ex
658 749 1023 828 composito
1067 750 1262 809 duces
1303 754 1519 810 castra
1562 749 1995 827 protulerunt,
2033 754 2109 810 ut
2148 748 2319 810 coire
2359 767 2439 810 ex
2480 765 2630 827 pro-

469 859 506 910 9
545 851 794 929 pinquo
850 857 1134 929 possent.
1224 848 1441 928 Scipio
1492 849 1676 910 haud
1733 850 1959 927 procul
2008 848 2388 928 Naraggara
2437 848 2626 926 urbe,

541 968 696 1011 cum
735 952 823 1012 ad
865 956 1079 1011 cetera
1120 952 1265 1011 loco
1309 957 1685 1028 opportuno
1726 955 1875 1010 tum
1920 950 2097 1027 quod
2139 949 2412 1028 aquatio
2452 948 2628 1010 intra

416 1063 487 1114 10
539 1051 652 1112 teli
716 1051 1087 1112 coniectum
1149 1057 1312 1129 erat,
1378 1050 1695 1112 consedit.
1786 1049 2125 1111 Hannibal
2188 1052 2526 1111 tumulum
2586 1067 2629 1110 a

546 1156 857 1229 quattuor
918 1150 1185 1212 milibus
1249 1150 1426 1228 inde,
1490 1156 1714 1211 tutum
1754 1151 2315 1229 commodumque
2354 1150 2627 1229 alioqui,

542 1250 667 1311 nisi
735 1251 912 1329 quod
975 1250 1374 1329 longinquae
1439 1249 1818 1328 aquationis
1881 1255 2044 1328 erat,
2111 1251 2304 1329 cepit.
2395 1251 2496 1311 Ibi
2557 1250 2628 1310 in

541 1349 761 1410 medio
816 1352 999 1411 locus
1056 1356 1446 1428 conspectus
1501 1349 1822 1428 undique,
1878 1367 1961 1412 ne
2023 1350 2183 1429 quid
2237 1350 2631 1412 insidiarum

543 1455 732 1526 esset,
772 1450 1079 1511 delectus.

476 1553 509 1602 1
713 1549 915 1610 ΧΧΧ.
963 1548 1323 1610 Summotis
1375 1549 1518 1629 pari
1567 1549 1783 1627 spatio
1831 1549 2107 1611 armatis
2154 1567 2309 1612 cum
2357 1549 2629 1630 singulis

542 1649 1009 1727 interpretibus
1074 1649 1403 1729 congressi
1467 1654 1645 1727 sunt,
1709 1666 1845 1711 non
1908 1667 2066 1710 suae
2130 1653 2332 1713 modo
2396 1651 2631 1714 aetatis

544 1748 817 1809 maximi
871 1750 1090 1827 duceS,
1141 1750 1258 1811 sed
1309 1749 1525 1810 omnis
1576 1754 1728 1809 ante
1779 1766 1848 1810 se
1899 1750 2279 1829 memoriae,
2332 1751 2632 1812 omnium

476 1861 512 1910 2
546 1848 842 1927 gentium
907 1848 1174 1910 cuilibet
1237 1867 1470 1928 regum
1534 1848 2094 1927 imperatorumve
2163 1868 2373 1930 pareS.
2463 1852 2633 1912 Pau-

543 1949 743 2027 lisper
823 1950 988 2010 alter
1067 1949 1335 2036 alterius
1417 1954 1796 2028 conspectu,
1879 1945 2316 2013 admiratione
2398 1957 2634 2013 mutua

477 2065 512 2114 3
550 2067 751 2128 prope
823 2049 1111 2128 attoniti,
1161 2049 1555 2112 conticuere.
1645 2050 1815 2109 Tum
1860 2049 2201 2111 Hannibal
2251 2050 2452 2129 prior:
2548 2051 2634 2112 ‘Si

545 2151 670 2211 hoc
720 2149 813 2210 ita
861 2151 1002 2211 fato
1058 2151 1289 2212 datum
1337 2155 1501 2227 erat,
1551 2154 1626 2209 ut
1680 2149 1792 2227 qui
1845 2149 2095 2227 primus
2149 2150 2395 2212 bellum
2443 2151 2635 2212 intuli

550 2251 793 2328 populo
870 2251 1177 2311 Romano
1259 2250 1503 2329 quique
1580 2248 1821 2310 totiens
1902 2267 2103 2328 prope
2179 2250 2250 2310 in
2325 2251 2638 2313 manibus

547 2348 896 2410 victoriam
933 2349 1163 2427 habui,
1203 2349 1260 2410 is
1299 2351 1473 2410 ultro
1514 2349 1602 2409 ad
1646 2366 1879 2428 pacem
1922 2351 2277 2427 petendam
2317 2351 2635 2429 venirem,

544 2451 753 2510 laetor
788 2455 852 2510 te
893 2450 1058 2510 mihi
1097 2455 1270 2511 sorte
1314 2448 1732 2528 potissimum
1775 2449 2027 2527 datum,
2067 2468 2108 2510 a
2152 2467 2281 2528 quo
2323 2456 2634 2529 peterem.

478 2558 515 2607 4
546 2547 690 2608 Tibi
734 2566 996 2628 quoque
1035 2549 1206 2611 inter
1242 2551 1455 2611 multa
1494 2549 1754 2628 egregia
1790 2566 1926 2609 non
1964 2549 2034 2609 in
2069 2549 2321 2612 ultimis
2356 2550 2638 2612 laudum

544 2648 670 2708 hoc
722 2648 941 2728 fuerit,
1017 2649 1490 2726 Hannibalem,
1544 2649 1650 2709 cui
1699 2654 1798 2709 tot
1853 2649 1930 2709 de
1982 2649 2302 2711 Romanis
2357 2651 2637 2713 ducibus

547 2747 894 2809 victoriam
948 2749 1013 2811 di
1068 2749 1420 2826 dedissent,
1471 2748 1595 2809 tibi
1646 2748 1936 2826 cessisse,
1987 2754 2182 2827 teque
2233 2749 2386 2811 huic
2442 2751 2634 2828 belle,

547 2849 778 2910 vestris
835 2849 1013 2929 prius
1071 2866 1274 2929 quam
1323 2848 1565 2910 nostris
1616 2848 1917 2910 cladibus
1968 2849 2231 2927 insigni,
2273 2850 2476 2912 finem
2510 2850 2638 2911 im-

477 2960 511 3010 5
550 2949 862 3024 posuisse.
952 2950 1096 3012 Hoc
1131 2967 1392 3028 quoque
1422 2948 1788 3009 ludibrium
1816 2966 2009 3010 casus
2034 2949 2313 3010 ediderit
2341 2950 2633 3028 fortuna,

544 3053 639 3124 ut,
691 3067 844 3109 cum
894 3055 1074 3128 patre
1125 3055 1240 3110 tuo
1289 3050 1557 3110 consule
1607 3048 1893 3126 ceperim
1940 3066 2149 3126 arma,
2198 3065 2354 3109 cum
2399 3051 2635 3111 eodem

549 3148 838 3224 primum
869 3150 1175 3210 Romano
1206 3149 1603 3226 imperatore
1636 3147 1825 3226 signa
1857 3147 2270 3227 contulerim,
2302 3150 2392 3211 ad
2422 3150 2633 3210 filium

476 3254 513 3304 6
545 3247 685 3308 eius
744 3247 1012 3309 inermis
1068 3250 1152 3309 ad
1210 3265 1442 3326 pacem
1509 3248 1863 3326 petendam
1918 3249 2205 3310 veniam.
2291 3248 2633 3327 Optimum

597 3483 675 3526 10.
731 3490 767 3525 a.
802 3481 1071 3532 quattuor
1105 3479 1356 3524 milibus:
1386 3483 1475 3522 “at,
1511 3491 1541 3522 a
1686 3480 1734 3523 8.
1789 3479 1863 3522 is:
1894 3481 2019 3521 adds
2047 3480 2305 3532 emphasis
2328 3485 2383 3521 to
2419 3482 2505 3521 the
2522 3481 2634 3522 sub-

544 3550 773 3589 distanee
807 3550 861 3589 ot
894 3549 1013 3588 four
1039 3548 1235 3588 miles.''
1291 3547 1440 3593 inde:
1460 3548 1536 3587 i.e.
1633 3546 1738 3595 leet.
1753 3548 1807 3586 ot
1823 3546 2039 3586 venirem.

544 3619 678 3658 from
723 3618 809 3656 the
868 3616 1067 3656 Roman
1131 3625 1290 3665 camp.
1363 3623 1539 3667 aqua.-
1683 3615 1732 3658 4.
1785 3613 1848 3657 in
1876 3613 2099 3658 ultimis
2117 3613 2370 3658 laudum:
2396 3614 2495 3654 :in
2524 3613 2635 3655 ulti-

543 3682 739 3728 tionis:
783 3683 1040 3734 predicate
1069 3682 1373 3732 descriptiva
1406 3683 1541 3732 geni·
1634 3679 1723 3719 mie
1741 3677 1979 3720 laudibus.
2033 3680 2230 3726 merit:
2251 3682 2425 3722 tuturo
2442 3683 2635 3732 perfect

545 3752 664 3791 tive.
1637 3758 1693 3788 as
1712 3758 1778 3788 an
1792 3747 2049 3800 emphatIo
2068 3749 2255 3789 future.

594 3816 749 3856 xxx.
808 3818 852 3860 1.
901 3816 1080 3859 omnis
1098 3815 1416 3860 memoriae:
1437 3816 1542 3856 “all
1686 3815 1732 3858 6.
1788 3814 2057 3866 optimum
2076 3814 2284 3859 morat:
2304 3815 2549 3865 virtuauy
2569 3824 2636 3857 an

544 3883 757 3932 history.
769 3884 797 3900 '’
1636 3882 1813 3922 unreal
1832 3881 2106 3923 condition.
