2967 4384
490 245 562 297 ee
1115 283 1119 288 .
1407 243 1477 295 τ.
1514 242 1679 297 uvr
2460 242 2518 314 [i.
2548 241 2601 297 3‘

490 416 830 478 consulem
857 415 969 478 vix
1000 413 1484 494 quinquaginta
1509 413 1716 480 secuti
1742 419 1919 491 sunt,
1946 412 2216 476 alterius
2242 414 2583 477 morientis

495 533 695 594 prope
725 521 905 577 totus
935 516 1257 577 exercitus
1285 514 1436 576 fuit.

421 617 453 667 1
661 616 763 677 LI.
811 616 1177 677 Hannibali
1219 615 1455 677 victori
1498 632 1653 676 cum
1695 613 1893 676 ceteri
1934 613 2317 675 circumfusi
2359 620 2583 693 gratu-

487 718 784 778 larentur
837 717 1349 794 suaderentque,
1404 721 1478 777 ut
1533 721 1722 777 tanto
1781 715 2165 794 perfunctus
2225 713 2393 775 bello
2454 715 2582 776 diei

495 816 673 894 quod
723 815 1055 895 reliquum
1104 822 1273 878 esset
1321 815 1667 894 noctisque
1716 815 1857 877 inse
1865 814 2124 893 quentis
2179 815 2466 894 quietem
2514 822 2583 878 et

419 920 457 971 2
488 916 629 994 ipse
683 915 811 978 sibi
863 922 1152 978 sumeret
1205 922 1271 978 et
1323 915 1513 979 fessis
1570 917 1755 993 daret
1808 915 2152 994 militibus,
2204 916 2578 993 Maharbal,

493 1016 862 1094 praefectus
895 1017 1220 1095 equitum,
1247 1016 1522 1079 minime
1556 1017 1954 1078 cessandum
1973 1023 2159 1078 ratus
2208 1016 2446 1078 ‘Immo
2479 1023 2577 1094 ut,

494 1116 654 1195 quid
709 1117 836 1179 hac
899 1135 1121 1196 pugna
1177 1116 1261 1179 sit
1321 1123 1569 1194 actum,
1628 1117 1820 1195 sciaS,
1884 1117 1986 1194 die
2050 1117 2303 1196 quinto’
2361 1117 2578 1196 inquit

491 1216 727 1278 ‘victor
778 1217 850 1279 in
903 1217 1227 1295 Capitolio
1283 1216 1677 1297 epulaberis,
1768 1217 2080 1295 Sequere,
2125 1235 2281 1279 cum
2333 1217 2577 1296 equite,

488 1323 563 1378 ut
620 1317 801 1396 prius
856 1317 1113 1379 venisse
1173 1335 1378 1396 quam
1431 1322 1792 1380 venturum
1844 1315 2078 1394 sciant,
2138 1319 2577 1396 praecedam)

418 1422 455 1474 3
488 1416 852 1478 Hannibali
897 1417 1097 1478 nimis
1135 1418 1313 1479 laeta
1358 1435 1462 1479 res
1512 1422 1610 1478 est
1658 1407 1803 1479 visa
1838 1417 2208 1496 maiorque,
2255 1435 2457 1496 quam
2502 1424 2578 1480 ut

489 1535 638 1578 eam
677 1517 905 1579 statim
933 1534 1168 1596 capere
1201 1517 1430 1578 animo
1462 1523 1704 1596 posset.
1793 1517 2029 1596 Itaque
2061 1517 2475 1580 voluntatem
2508 1536 2576 1580 se

485 1616 761 1678 laudare
803 1614 1212 1678 Maharbalis
1253 1616 1380 1692 ait3
1425 1616 1515 1677 ad
1553 1615 1902 1678 consilium
1950 1617 2368 1695 pensandum
2410 1623 2580 1678 tem-

417 1717 455 1769 4
491 1715 666 1794 poris
703 1733 872 1794 opus
909 1733 1070 1778 esse.

487 1815 702 1877 eidem
762 1815 828 1877 di
887 1817 1150 1878 dedere:
1196 1815 1460 1877 vincere
1517 1815 1667 1894 scis,
1722 1817 2085 1894 Hannibal,
2146 1817 2424 1879 victoria
2479 1818 2579 1880 uti

485 1916 742 1977 nescis)
829 1916 1020 1977 Mora
1060 1915 1201 1977 eius
1246 1915 1374 1977 diei
1413 1915 1575 1978 satis
1616 1916 1904 1978 creditur
1942 1917 2143 1978 saluti
2182 1917 2385 1979 fuisse
2426 1917 2583 1993 urbi„

486 2022 687 2095 atque
715 2015 1015 2094 imperio,

416 2126 453 2179 7
656 2115 818 2177 LIV.
864 2117 1154 2176 Romam
1182 2133 1266 2177 ne
1297 2115 1420 2177 has
1455 2115 1727 2194 quidem
1764 2115 2077 2195 reliquias
2113 2134 2454 2195 superesse
2486 2118 2577 2178 ci-

487 2216 674 2277 vium
718 2215 1203 2294 sociorumque,
1239 2215 1359 2277 sed
1390 2215 1728 2278 occidione
1776 2215 2070 2278 occisum
2106 2233 2262 2277 cum
2296 2216 2602 2278 ducibus

415 2331 453 2382 8
484 2315 844 2377 exercitum
869 2316 1245 2392 deletasque
1269 2332 1499 2376 omnes
1522 2315 1747 2394 copias
1768 2317 2047 2378 allatum
2069 2317 2307 2379 fuerat.
2367 2317 2573 2378 Num-

430 2415 436 2419 ’
489 2434 691 2494 quam
750 2416 939 2477 salva
998 2414 1162 2476 urbe
1222 2420 1491 2477 tantum
1553 2415 1818 2494 pavoris
1877 2418 2337 2495 tumultusque
2397 2417 2573 2478 intra

483 2513 746 2577 moenia
787 2516 1096 2576 Romana
1136 2514 1284 2576 fuit.
1375 2515 1611 2593 Itaque
1652 2516 2088 2590 succumbam
2130 2516 2313 2578 oneri
2354 2534 2571 2596 neque

483 2615 832 2694 adgrediar
852 2633 1143 2692 narrare,
1173 2632 1340 2694 quae
1364 2615 1816 2677 edissertando
1839 2616 2098 2685 minora
2121 2634 2278 2680 vero
2302 2616 2569 2680 faciam.

413 2726 449 2777 9
485 2715 764 2776 Consule
795 2715 1214 2791 exercituque
1243 2714 1332 2775 ad
1360 2715 1892 2777 Trasumennum
1924 2715 2134 2794 priore
2164 2733 2341 2776 anno
2372 2716 2574 2778 amis-

483 2833 578 2892 so,
616 2832 751 2875 non
786 2816 1030 2876 vulnus
1065 2831 1265 2892 super
1300 2815 1566 2891 vulnus,
1603 2815 1720 2875 sed
1755 2815 2099 2894 multiplex
2136 2805 2377 2893 cladeS,
2416 2833 2571 2878 cum

1159 1717 1329 1778 Tum
1364 1716 1745 1778 Maharbal:
1792 1715 1962 1777 ‘Non
1998 1717 2226 1779 omnia
2260 1717 2579 1778 nimirum
2646 1721 2651 1724 '

535 2997 580 3040 3.
633 2994 895 3039 alterius:
923 2994 1207 3046 possessive
1239 2992 1472 3044 genitive.

1571 2992 1786 3044 Dodge·s
1818 2991 2080 3041 Hannibal,
2118 2993 2272 3046 Chap.
2301 2994 2365 3036 28.

483 3064 716 3103 “Almost
735 3063 820 3102 the
838 3062 1006 3103 entire
1024 3070 1171 3111 army
1189 3061 1371 3102 shared
1391 3061 1476 3100 the
1569 3059 1704 3104 LIV.
1735 3060 1921 3104 ⁷.-Lv.
1972 3061 2179 3112 Report
2204 3061 2267 3104 of
2283 3062 2377 3104 the
2390 3060 2573 3106 Disae-

483 3131 588 3170 fate
623 3130 676 3169 ot
712 3129 798 3170 the
831 3129 991 3179 dying
1025 3128 1254 3170 consu1.”
1309 3127 1476 3178 “They

483 3206 611 3237 were
629 3196 709 3236 his
727 3195 782 3237 in
800 3196 965 3236 death.
977 3196 1005 3215 ”

534 3263 614 3304 LI.
671 3263 717 3307 3.
771 3261 940 3306 nimis
975 3261 1154 3306 laeta:
1183 3270 1240 3302 as
1259 3269 1334 3302 we
1369 3271 1475 3312 say.

473 3332 603 3371 ··‘too
637 3330 768 3380 good
800 3331 855 3370 to
881 3330 942 3370 be
968 3330 1131 3370 true.'’
1185 3327 1474 3378 temporis:

481 3396 680 3438 instead
715 3397 770 3436 oi
803 3395 1020 3444 tempore.
1074 3395 1206 3445 Livy
1237 3403 1354 3435 uses
1392 3396 1479 3436 the

483 3473 622 3505 same
673 3463 1024 3504 construction
1081 3461 1139 3501 in
1192 3469 1290 3501 one
1331 3462 1479 3501 other

482 3539 695 3582 passage
717 3529 799 3579 (23.
819 3530 882 3568 21.
903 3529 958 3577 5).
1027 3527 1265 3578 Possibly
1282 3527 1327 3568 it
1344 3527 1390 3568 is
1409 3537 1477 3570 an

482 3596 744 3638 imitation
762 3597 816 3636 ot
833 3597 918 3636 the
935 3595 1113 3638 Greek.

532 3666 580 3707 4.
636 3662 834 3706 eidem:
875 3663 1058 3703 dative.
1129 3659 1277 3701 “Non
1314 3661 1477 3702 omnia

477 3738 732 3781 poscumus
782 3730 973 3768 omnes’‘
1019 3728 1066 3770 is
1109 3729 1197 3769 the
1241 3729 1472 3779 thought.

483 3795 740 3837 Hannibal
775 3803 881 3836 was
906 3793 1028 3836 wise
1064 3793 1119 3835 in
1151 3795 1383 3844 refusing
1422 3799 1478 3836 to

486 3862 659 3904 tollow
737 3861 1042 3904 Maharbal's
1119 3860 1303 3902 advice.
1387 3859 1478 3902 See

1818 3130 1903 3171 ter
1921 3128 2143 3171 reaches
2160 3127 2343 3172 Rome.

1623 3195 1669 3238 7.
1724 3192 1828 3238 has
1847 3193 2144 3245 reliquiae:
2163 3195 2281 3236 tour
2312 3195 2567 3237 thousand

1573 3260 1798 3302 Romans
1831 3260 1933 3302 had
1968 3261 2179 3312 escaped
2210 3265 2265 3302 to
2289 3260 2569 3303 Canusium

1572 3327 1673 3369 and
1708 3329 1867 3368 about
1901 3327 1989 3368 the
2022 3336 2163 3369 same
2187 3329 2404 3369 number
2437 3337 2568 3369 were

1571 3393 1697 3434 with
1732 3394 1821 3434 the
1854 3393 2124 3444 surviving
2172 3394 2355 3435 consul
2395 3397 2452 3435 at
2476 3394 2566 3435 Ve-

1571 3459 1721 3501 nusia
1747 3459 1915 3510 (chap.
1952 3459 2107 3509 5254).
2163 3458 2447 3504 occidione
2474 3468 2565 3505 οο·

1573 3527 1769 3571 cisum:
1820 3527 2079 3578 emphasis
2104 3526 2151 3568 is
2176 3527 2359 3577 gained
2386 3528 2453 3577 by
2478 3527 2565 3568 the

1562 3593 1726 3645 flqura
1767 3593 2084 3645 etymocoqica.
2158 3593 2405 3644 Compare
2458 3593 2567 3634 “de-

1572 3665 1714 3710 stroy
1760 3661 1901 3701 them
1952 3660 2082 3704 with
2122 3659 2307 3702 double
2346 3661 2567 3704 destruc·

1573 3727 1731 3775 tion,‘'
1758 3728 1791 3768 J
1793 3726 2029 3768 eremiah.

1622 3795 1669 3838 8.
1724 3801 1878 3837 vero:
1914 3794 2036 3835 used
2064 3793 2457 3845 substantivam
2485 3794 2565 3836 ab·

1572 3859 1729 3901 lative
1746 3861 1879 3901 aiter
1897 3861 1982 3901 the
1999 3860 2345 3914 comparative
2362 3861 2561 3904 minora.
