2967 4384
523 247 633 300 116
1449 249 1513 302 Τ,
1548 249 1715 304 Lm
2160 267 2167 280 .
2408 253 2547 322 [xm.
2582 254 2615 306 1
2720 260 2727 269 ,

453 431 486 483 1
521 416 701 479 xm.
751 417 1124 482 Concursus
1151 418 1242 482 ad
1271 417 1527 482 curiam
1559 419 1787 500 populi
1812 419 2034 484 factus
2064 420 2276 500 coegit
2305 421 2612 484 Loesium

519 525 828 580 senatum
885 537 1150 600 vocare;
1202 526 1268 582 et
1324 520 1745 599 primoribuS,
1804 521 1917 601 qui
1968 521 2107 584 iam
2162 522 2275 583 diu
2332 521 2613 601 publicis

519 617 806 681 consiliis
854 619 1157 699 aberant,
1213 606 1559 700 propalam
1609 621 2061 702 minabantur,
2112 622 2240 686 nisi
2313 623 2612 687 venirent

516 717 587 779 in
620 725 949 797 senam,
986 719 1158 782 circa
1195 720 1426 782 domos
1458 737 1692 782 eorum
1722 720 1931 784 ituros
1962 739 2033 784 se
2064 729 2130 785 et
2161 721 2233 782 in
2268 721 2612 801 publicum

517 819 734 881 omnis
782 819 848 880 vi
895 827 1303 882 extracturos
1349 837 1513 883 esse.
1600 820 1689 882 Is-
1712 821 1911 883 timor
1953 820 2374 902 frequentem
2418 840 2609 884 sena-

448 923 485 974 2
515 927 664 982 tum
719 920 1136 999 magistratui
1196 920 1522 999 praebuit.
1610 919 1714 982 Ibi
1772 939 1926 984 cum
1983 922 2181 986 ceteri
2241 923 2327 984 de
2377 923 2611 1001 legatis

514 1020 856 1084 mittendis
891 1020 983 1084 ad
1019 1021 1450 1100 imperatores
1488 1021 1831 1084 Romanos
1866 1030 2159 1102 agerent,
2196 1021 2431 1086 Vibius
2465 1023 2609 1085 Vir-

513 1121 672 1199 riuS,
726 1122 839 1201 qui
891 1120 1275 1184 defectionis
1319 1129 1555 1185 auctor
1616 1122 1705 1186 ab
1752 1123 2074 1186 Romanis
2118 1122 2360 1201 fuerat,
2407 1123 2607 1186 inter-

512 1229 784 1300 rogatus
822 1220 1222 1285 sententiam
1258 1228 1457 1300 negat
1496 1236 1630 1299 eoS,
1676 1220 1789 1302 qui
1831 1220 1911 1284 de
1946 1221 2180 1301 legatis
2216 1229 2283 1286 et
2325 1222 2403 1285 de
2446 1240 2607 1302 pace

445 1325 482 1377 3
510 1339 592 1384 ac
658 1320 990 1384 deditione
1049 1322 1431 1401 loquantur,
1494 1320 1895 1402 meminisse,
1956 1339 2078 1385 nec
2146 1320 2305 1403 quid
2362 1322 2607 1386 facturi

509 1421 781 1500 fuerint,
830 1421 885 1484 si
932 1421 1274 1484 Romanos
1320 1420 1391 1484 in
1442 1429 1764 1502 potestate
1812 1420 2223 1502 habuissent,
2270 1440 2395 1486 nec
2446 1423 2607 1504 quid

443 1529 482 1580 4
510 1521 673 1602 ipsis
742 1521 1132 1601 patiendum
1194 1521 1300 1585 sit.
1411 1522 1647 1604 ‘Quidi‘
1736 1524 1877 1586 vos’
1964 1523 2182 1605 inquit
2248 1524 2429 1587 ‘eam
2495 1523 2604 1586 de·

449 1651 452 1656 ·
516 1622 834 1685 ditionem
910 1623 1052 1685 fore
1134 1621 1433 1703 censetiS,
1506 1641 1638 1705 qua
1707 1624 2069 1706 quondm,
2143 1632 2219 1689 ut
2280 1625 2605 1688 adversus

515 1722 844 1786 Samnites
882 1722 1205 1785 auxilium
1244 1722 1776 1803 impetraremus,
1815 1742 1940 1787 nos
1978 1732 2337 1806 nostraque
2378 1725 2604 1788 omnia

441 1823 478 1876 5
509 1822 833 1884 Romanis
898 1822 976 1884 de
984 1822 1311 1884 didimus?
1422 1823 1572 1885 Iam
1630 1841 1667 1886 e
1727 1824 2048 1886 memoria
2108 1824 2404 1903 excessit,
2470 1842 2603 1904 quo

509 1929 807 2003 tempore
851 1931 916 1986 et
958 1923 1029 1982 in
1077 1941 1208 2003 qua
1249 1923 1523 1986 fortuna
1564 1943 1606 1988 a
1652 1924 1897 2005 populo
1941 1925 2247 1987 Romano
2295 1925 2603 1988 defeceri-

508 2024 699 2084 mus?
784 2023 953 2101 Iam,
994 2039 1192 2102 quem
1224 2022 1316 2085 ad
1349 2022 1629 2085 modum
1663 2023 1734 2086 in
1772 2022 2137 2088 defectione
2175 2024 2607 2106 praesidium,

513 2123 693 2203 quod
744 2130 1001 2202 poterat
1030 2122 1264 2200 emitti,
1300 2141 1414 2202 per
1460 2123 1831 2187 cruciatum
1860 2121 1940 2186 'et
1984 2124 2076 2186 ad
2122 2124 2601 2186 contumeliam

441 2225 477 2278 6
507 2224 920 2286 necarimus?
1008 2222 1326 2302 Quotiens
1369 2222 1441 2283 in
1485 2222 1850 2286 obsidentis
1900 2241 2102 2303 quam
2146 2223 2409 2285 inimice
2455 2241 2602 2286 eru-

511 2324 821 2403 perimus,
879 2331 1096 2386 castra
1153 2322 1700 2402 oppugnarimuS,
1757 2322 2206 2385 Hannibalem
2264 2324 2601 2386 vocaveri-

505 2442 656 2486 mus
704 2423 790 2487 ad
837 2422 1311 2502 opprimendos
1357 2424 1509 2485 eos?
1597 2424 1763 2502 Hoc,
1831 2423 2008 2504 quod
2071 2422 2599 2485 recentissimum

505 2533 625 2602 est,
683 2523 771 2585 ad
833 2523 1361 2603 oppugnandam
1418 2523 1708 2586 Romam
1764 2523 1918 2586 hinc
1974 2541 2131 2585 eum
2187 2522 2599 2585 miserimus?

437 2624 474 2678 7
504 2627 641 2703 Age
682 2633 934 2703 contra,
980 2641 1148 2704 quae
1189 2622 1283 2684 illi
1321 2623 1558 2686 infeste
1597 2623 1669 2684 in
1706 2640 1827 2686 nos
1863 2623 2161 2701 fecerint,
2188 2623 2482 2702 repetite,
2522 2630 2599 2687 ut

503 2742 583 2787 ex
631 2743 731 2802 eo,
788 2724 945 2804 quid
995 2724 1290 2803 speretiS,
1342 2723 1666 2786 habeatis.
1759 2724 1927 2787 Cum
1974 2723 2181 2786 hostis
2228 2722 2599 2800 alienigena

501 2826 573 2886 in
592 2825 786 2888 Italia
807 2833 997 2902 esset,
1021 2833 1086 2888 et
1106 2824 1449 2887 Hannibal
1470 2823 1700 2900 hostiS‚
1723 2830 1788 2886 et
1809 2831 2049 2886 cuncta
2073 2822 2243 2885 bello
2263 2823 2595 2902 arderent,

503 2926 762 2988 omissis
801 2925 1134 3003 omnibuS,
1175 2924 1418 2986 omisso
1454 2923 1601 3002 ipso
1639 2922 2016 2985 Hannibale
2051 2923 2256 2985 ambo
2295 2923 2597 2986 consules

501 3034 568 3090 et
619 3027 750 3088 duo
798 3025 1174 3088 consulares
1221 3023 1542 3086 exercitus
1587 3023 1675 3085 ad
1723 3025 2024 3101 Capuam
2071 3022 2596 3101 oppugnandam

433 3135 472 3187 8
503 3126 846 3188 miserunt.
935 3125 1234 3187 Alterum
1283 3141 1541 3186 annum
1591 3122 2124 3185 circumvallatos
2173 3121 2595 3202 inclusosque

500 3245 624 3289 nos
657 3227 840 3288 fame
873 3231 1238 3300 macerant,
1274 3231 1340 3286 et
1376 3223 1503 3301 ipsi
1538 3222 1888 3285 nobiscum
1924 3221 2162 3285 ultima
2204 3221 2496 3300 pericula
2530 3230 2596 3286 et

553 3391 691 3433 XIII.
749 3392 798 3435 1.
844 3387 1214 3434 Loesium2see
1227 3394 1345 3429 note
1364 3391 1417 3428 to
1437 3388 1498 3427 12.
1648 3388 1696 3431 4.
1751 3387 2024 3432 adversus
2058 3385 2357 3432 Samnites:
2386 3387 2472 3427 the
2489 3385 2596 3428 alu-

501 3460 539 3500 8.
595 3458 978 3504 minabantur:
1008 3458 1094 3498 the
1108 3454 1278 3507 plural
1305 3454 1505 3504 subject
1598 3463 1720 3495 ance
1748 3455 1973 3496 between
2002 3455 2159 3496 Rome
2190 3455 2290 3496 and
2319 3454 2492 3505 Capua
2518 3454 2595 3494 be-

501 3528 549 3568 is
583 3525 850 3576 suggested
887 3526 954 3574 by
989 3525 1075 3564 the
1105 3521 1374 3574 preceding
1407 3523 1505 3563 eol·
1596 3531 1698 3571 gan
1716 3520 1770 3561 in
1786 3522 1862 3561 343
1880 3529 1998 3570 Β.ο.,
2015 3522 2161 3562 when
2190 3523 2277 3562 the
2304 3521 2461 3562 latter
2487 3528 2594 3562 was

501 3594 681 3635 lective
698 3602 853 3639 noun,
865 3589 1048 3641 populi.
1596 3590 1839 3640 captured
1857 3589 1922 3639 by
1941 3589 2027 3629 the
2044 3587 2315 3630 Samnites.

552 3661 599 3704 8.
652 3667 756 3704 nec
793 3689 805 3702 .
845 3688 857 3702 .
900 3688 912 3701 .
949 3665 1075 3703 nec:
1113 3655 1378 3696 continues
1416 3655 1503 3696 the
1649 3656 1694 3700 5.
1748 3653 2115 3706 praesidium:
2159 3653 2237 3695 Le.
2274 3655 2361 3696 the
2395 3653 2594 3696 Roman

500 3727 745 3778 negation
761 3726 817 3766 01
831 3723 986 3775 neyat.
1038 3721 1249 3768 facturi
1265 3721 1500 3766 fuerint:
1595 3721 1832 3772 garrison
1851 3725 1907 3762 at
1924 3720 2111 3772 capua.
2170 3719 2264 3763 See
2280 3722 2343 3762 23.
2365 3721 2405 3760 ’7.
2426 3721 2466 3762 6.

507 3791 778 3845 :jecissent
820 3791 875 3832 in
917 3791 1079 3832 direct
1120 3787 1370 3842 question.
1424 3789 1498 3829 Cf.
1647 3790 1692 3834 8.
1750 3788 1994 3834 alterum
2012 3795 2237 3833 annum:
2262 3786 2595 3832 “thisisnow

502 3862 564 3902 21.
585 3861 622 3901 Β.
643 3861 681 3902 2.
1596 3855 1682 3895 the
1700 3856 1880 3897 second
1898 3864 2019 3906 year
2038 3855 2162 3898 that.
2172 3855 2198 3874 ”
