2967 4384
483 263 594 318 166

483 454 587 497 cre
596 436 801 512 dereS,
861 431 1145 496 dicebat.

1407 259 1679 316 121.an

2276 261 2479 330 [mii.
2508 261 2577 314 11

1268 433 1543 494 Instruit
1621 431 1856 493 deinde
1935 432 2183 510 primos
2256 433 2575 509 hastatos,

485 541 632 614 post
688 552 801 595 eos
867 532 1217 611 principes,
1277 531 1522 593 triariis
1587 538 1991 610 postremam
2051 531 2265 592 aciem
2318 532 2573 593 clausit.

414 638 445 689 1
481 634 784 696 XXXIII.
831 633 978 692 Non
1018 631 1348 693 confertas
1386 637 1615 692 autem
1653 632 2577 792 ⁰⁰h⁰rtffi⁸ffl³ffisslum⁴

487 751 611 812 que
661 732 849 812 signa
899 731 1292 808 instruebat,
1343 731 1460 794 sed
1509 731 1888 810 manipulos

2033 719 2361 809 quantum
2407 731 2580 793 inter

481 851 552 896 se
606 832 947 909 distanteS,
1001 837 1076 892 ut
1127 836 1297 892 esset
1347 831 1663 909 spatium,
1711 848 1844 909 qua
1894 831 2233 910 elephanti
2283 832 2578 893 hostium

410 943 447 994 2
481 933 612 996 acti
642 932 808 993 nihil
841 932 1105 993 ordines
1135 931 1503 993 turbarent.

1594 931 1913 1009 Laelium,
1948 932 2136 993 cuius
2166 938 2321 994 ante
2353 930 2576 1011 legati,

481 1051 558 1096 eo
617 1048 795 1094 anno
860 1031 1225 1110 quaestoris
1283 1037 1467 1093 extra
1524 1037 1770 1093 sortem
1828 1049 1907 1094 ex
1964 1037 2235 1093 senatus
2276 1032 2577 1094 consulto

484 1151 683 1212 opera
723 1131 1060 1208 utebatur,
1103 1148 1258 1192 cum
1299 1131 1530 1192 Italico
1571 1131 1874 1209 equitatu
1914 1131 2004 1192 ab
2043 1131 2307 1193 sinistro
2349 1148 2577 1209 comu,

407 1243 444 1294 3
481 1232 903 1294 Masinissam
941 1230 1397 1308 Numidasque
1437 1230 1527 1291 ab
1574 1231 1800 1293 dextro
1841 1232 2173 1310 opposuit.

2263 1231 2418 1293 Vias
2462 1249 2579 1309 pa-

480 1339 692 1395 tentes
751 1332 922 1393 inter
982 1330 1362 1408 manipulos
1418 1331 2011 1410 antesignanorum
2054 1331 2367 1393 velitibus
2393 1365 2474 1374 —
2500 1349 2579 1393 ea

478 1438 638 1494 tunc
685 1431 850 1492 levis
896 1436 1239 1492 armatura
1286 1436 1428 1491 erat
1455 1463 1538 1472 —-
1565 1431 1945 1509 complevit,
1999 1431 2154 1492 dato
2205 1436 2576 1509 praecepto,

479 1538 555 1593 ut
607 1531 695 1592 ad
747 1530 1075 1608 impetum
1127 1530 1641 1607 elephantorum
1693 1536 1810 1593 aut
1867 1537 2013 1608 post
2070 1530 2351 1592 directos
2402 1530 2580 1591 refu-

481 1636 706 1710 gerent
776 1629 1041 1690 ordines
1109 1635 1228 1690 aut
1297 1629 1367 1690 in
1440 1630 1741 1692 dextram
1809 1630 2207 1708 laevamque
2282 1630 2579 1691 discursu

481 1729 892 1806 applicantes
956 1746 1024 1788 se
1089 1728 1541 1806 antesignanis
1607 1729 1811 1806 viam,
1882 1747 2013 1808 qua
2092 1729 2429 1790 inruerent
2508 1729 2580 1789 in

412 1838 449 1891 4
481 1828 796 1906 ancipitia
859 1828 1013 1904 tela,
1084 1827 1292 1888 beluis
1360 1828 1614 1890 darent.

1704 1828 2045 1890 Hannibal
2108 1829 2197 1890 ad
2260 1835 2578 1890 terrorem

486 1928 730 2006 primos
772 1926 1160 2004 elephantos
1189 1960 1270 1969 —
1297 1927 1632 2007 octoginta
1672 1934 1900 1990 autem
1937 1933 2150 2007 erant,
2197 1933 2357 2007 quot
2395 1928 2579 1989 nulla

480 2044 807 2105 umquam
879 2026 951 2087 in
1025 2025 1164 2088 acie
1240 2033 1393 2088 ante
1468 2026 1795 2090 habuerat
1824 2062 1905 2071 ——
1930 2027 2262 2105 instruxit,

2344 2027 2578 2089 deinde

410 2140 445 2190 5
480 2127 726 2189 auxilia
765 2126 1083 2206 Ligurum
1119 2126 1592 2205 Gallorumque
1632 2129 2007 2190 Baliaribus
2045 2129 2428 2206 Maurisque
2466 2128 2581 2189 ad-

480 2227 730 2303 mixtis3
774 2225 844 2286 in
913 2226 1206 2288 secunda
1276 2226 1414 2288 acie
1488 2227 2060 2306 Carthaginienses
2117 2228 2443 2306 Afrosque
2514 2233 2578 2289 et

411 2340 447 2390 6
480 2326 925 2388 Macedonum
967 2325 1324 2406 legionem3
1369 2326 1632 2387 modico
1677 2327 1911 2389 deinde
1956 2327 2307 2389 intervallo
2352 2327 2576 2389 relicto

483 2425 954 2488 subsidiariam
1025 2425 1240 2487 aciem
1309 2425 1696 2487 Italicorum
1754 2426 2043 2488 militum
2072 2461 2153 2470 —
2175 2427 2386 2489 Brutii
2444 2428 2578 2506 ple-

479 2526 666 2603 rique
705 2531 913 2601 ctant,
951 2525 1014 2586 vi
1051 2543 1128 2586 ac
1166 2525 1555 2587 necessitate
1596 2527 1813 2604 plures
1850 2543 2054 2604 quam
2081 2543 2203 2588 sua
2234 2528 2575 2588 voluntate

410 2640 445 2691 7
487 2625 912 2688 decedentem
956 2643 1035 2685 ex
1077 2625 1271 2687 Italia
1321 2626 1633 2687 secuti—
1655 2626 1983 2688 instruxit.

2074 2627 2467 2704 Equitatum
2512 2633 2577 2688 et

480 2727 620 2804 ipse
699 2724 1131 2786 circumdedit
1210 2724 1550 2802 cornibus3
1599 2725 1903 2787 dextrum
1979 2724 2573 2806 CarthaginienseS,

411 2850 448 2900 g
481 2826 822 2887 sinistrum
855 2824 1180 2886 Numidae
1216 2831 1592 2887 tenuerunt.

1682 2825 1882 2898 Varia
1915 2826 2296 2888 adhortatio
2331 2833 2472 2888 erat
2506 2827 2577 2887 in

483 2925 769 2986 exercitu
806 2924 977 2985 inter
1013 2930 1111 2986 tot
1149 2924 1474 3001 homineS‚
1509 2923 1749 3002 quibus
1785 2943 1923 2987 non
1958 2926 2208 3005 lingua,
2240 2943 2377 2987 non
2407 2943 2574 3003 mOS,

483 3043 617 3086 non
654 3026 779 3102 lex,
819 3041 956 3084 non
993 3043 1204 3102 arma,
1244 3042 1381 3084 non
1420 3025 1699 3086 vestitus
1736 3025 2161 3104 habitusque,
2200 3042 2337 3087 non
2375 3043 2576 3088 causa

413 3145 449 3196 9
484 3119 813 3187 militandi
845 3123 1081 3185 eadem
1113 3129 1302 3186 esset.

1392 3123 1839 3187 Auxiliaribus
1871 3127 1934 3186 et
1970 3143 2278 3202 praesens
2310 3131 2375 3188 et
2406 3127 2577 3186 mul-

481 3225 784 3304 tiplicata·
847 3241 926 3286 ex
997 3224 1244 3302 praeda
1309 3241 1560 3285 merces
1629 3231 2026 3302 ostentatur3
2072 3226 2241 3288 Galli
2311 3225 2576 3305 proprio

485 3485 578 3516 sus.
633 3472 912 3517 hastatos:
951 3482 1032 3513 see
1061 3476 1180 3512 note
1211 3475 1266 3512 to
1291 3473 1354 3512 22.
1382 3472 1419 3512 5.
1442 3473 1480 3512 7.

534 3541 768 3582 XXXIII.
826 3540 871 3583 1.
943 3546 1241 3590 quamque:
1294 3549 1360 3580 sc.
1407 3548 1483 3579 eo-

485 3607 679 3648 hortem.
732 3613 865 3656 qua:
885 3605 1098 3647 relative
1120 3606 1307 3647 adverb
1335 3607 1483 3647 reter-

487 3674 608 3724 ring
627 3679 681 3714 to
699 3671 922 3721 epatium.

536 3741 584 3785 2.
638 3738 841 3791 legati:
861 3737 1147 3789 appositive
1162 3742 1216 3779 to
1233 3739 1378 3780 cuius.

539 3806 586 3849 8.
641 3813 730 3850 ea:
765 3806 923 3845 refers
962 3811 1015 3845 to
1049 3803 1292 3855 velitibus,·
1321 3808 1386 3855 by
1411 3810 1485 3846 at-

488 3871 721 3918 traction,
737 3879 911 3924 agrees
924 3870 1323 3912 with³armaturoe
1381 3881 1481 3918 an-

1579 3473 1916 3525 tesignants:
1971 3473 2143 3514 dative
2173 3473 2299 3514 with
2330 3472 2578 3522 applican-

1580 3539 1658 3579 tes.

1632 3607 1676 3651 δ.
1730 3605 2110 3651 Macedonum:
2148 3607 2272 3648 tour
2315 3607 2570 3648 thousand

1580 3673 1791 3714 soldiers
1821 3674 1921 3714 had
1955 3674 2079 3714 been
2107 3677 2221 3713 sent,
2249 3674 2314 3722 by
2333 3673 2507 3724 Philip
2522 3673 2576 3713 ot

1580 3740 1819 3780 Macedon
1854 3745 1908 3780 to
1945 3741 2031 3780 the
2074 3740 2353 3781 assistance
2395 3741 2449 3780 ot
2491 3741 2577 3780 the

1581 3806 1988 3857 Carthaginlans.

1633 3874 1678 3918 6.
1734 3871 2109 3918 decedentem:
2141 3883 2204 3914 sc.
2244 3869 2589 3924 Hannibalem„
