2967 4384
538 285 644 338 154
1453 282 1517 334 τ.
1555 281 1721 336 :mn
2346 280 2569 348 [xxviii.
2595 282 2631 333 9

535 459 716 520 velut
767 457 822 519 si
871 455 1110 518 urbem
1160 455 1490 533 extemplo
1541 455 1971 533 adgressurus
2022 451 2239 531 Scipio
2290 453 2483 530 foret,
2533 454 2627 515 ita

533 559 1024 620 conclamatum
1076 557 1166 617 ad
1221 573 1409 617 arma
1464 561 1585 631 est,
1645 560 2004 633 portaeque
2060 553 2309 631 raptim
2363 555 2624 615 clausae

530 665 594 721 et
647 658 888 721 armati
940 657 1010 717 in
1063 655 1271 717 muris
1326 654 1587 734 vigiliae
1596 671 1721 733 que
1763 660 1827 716 et
1881 654 2200 716 stationes
2244 654 2624 732 dispositae,

423 773 494 825 ιο
530 778 606 821 ac
659 765 850 821 nocte
906 758 1046 820 inse
1055 757 1281 836 quenti
1335 757 1686 836 vigilatum
1736 761 1855 817 est.
1946 755 2216 816 Postero
2273 755 2376 815 die
2435 757 2625 833 quin-

527 861 705 939 genti
749 860 1027 938 equites,
1073 860 1492 938 speculatum
1533 858 1622 919 ad
1665 874 1849 918 mare
1892 856 2398 934 turbandosque
2445 874 2623 935 egre-

496 960 780 1022 ·dientes
851 979 930 1022 ex
999 960 1288 1021 navibus
1357 959 1565 1035 missi,
1634 957 1705 1018 in
1774 956 2094 1018 stationes
2164 957 2625 1018 Romanorum

420 1069 489 1118 11
526 1061 920 1123 inciderunt.
1012 1061 1160 1121 Iam
1200 1060 1380 1121 enim
1419 1058 1637 1136 Scipio
1681 1057 1887 1120 classe
1928 1056 2196 1118 Uticam
2237 1056 2440 1118 missa
2481 1057 2620 1135 ipse

525 1160 708 1222 haud
750 1161 844 1223 ita
888 1163 1178 1222 multum
1225 1176 1605 1238 progressus
1648 1177 1690 1220 a
1732 1157 1904 1218 mari
1947 1158 2242 1219 tumulos
2290 1157 2621 1235 proximos

526 1266 817 1339 ceperat;
857 1261 1113 1339 equites
1155 1265 1220 1321 et
1259 1260 1330 1320 in
1371 1259 1769 1321 stationibus
1809 1258 1971 1318 locis
2010 1257 2267 1319 idoneis
2312 1264 2620 1335 posuerat

456 1369 489 1418 1
524 1366 588 1421 et
635 1377 749 1438 per
790 1378 982 1440 agros
1025 1361 1295 1422 miserat
1343 1360 1757 1438 praedatum.
1818 1358 2086 1419 XXIX.
2134 1358 2224 1418 Hi
2267 1375 2423 1418 cum
2464 1357 2621 1419 Car-

523 1460 919 1539 thaginiensi
968 1460 1270 1539 equitatu
1322 1459 1648 1539 proelium
1695 1475 1852 1520 cum
1899 1453 2404 1535 commisissent,
2456 1475 2620 1535 pau-

523 1577 634 1620 cos
693 1559 763 1620 in
822 1559 966 1636 ipso
1027 1558 1409 1635 certamine,
1474 1557 1821 1636 plerosque
1882 1556 2209 1635 fugientes
2273 1558 2615 1636 persecuti,

522 1659 591 1719 in
671 1660 910 1737 quibus
992 1658 1401 1738 praefectum
1479 1675 1744 1736 quoque
1820 1658 2248 1734 Hannonem,
2324 1657 2619 1719 nobilem

453 1771 489 1822 2
520 1758 854 1834 iuvenem,
925 1759 1328 1821 occiderunt.
1418 1757 1636 1836 Scipio
1704 1775 1841 1818 non
1908 1774 2102 1836 agros
2169 1758 2373 1818 modo
2443 1757 2616 1818 circa

523 1858 834 1934 vastavit,
898 1859 1014 1920 sed
1077 1859 1315 1920 urbem
1376 1857 1581 1919 etiam
1647 1857 2019 1936 proximam
2079 1858 2394 1918 Afrorum
2457 1858 2615 1919 satis

447 1974 484 2024 3
521 1959 908 2035 opulentam
952 1959 1148 2036 cepit,
1194 1959 1312 2020 ubi
1360 1964 1619 2036 praeter
1664 1964 1903 2036 cetera,
1954 1975 2122 2037 quae
2169 1960 2499 2037 extemplo
2544 1958 2615 2017 in

519 2074 726 2119 naves
781 2059 1116 2120 onerarias
1171 2060 1485 2137 imposita
1541 2059 1875 2138 missaque
1932 2059 2001 2120 in
2057 2058 2348 2120 Siciliam
2402 2064 2612 2134 erant,

519 2163 668 2218 octo
709 2158 893 2219 milia
934 2159 1295 2220 liberorum
1336 2176 1812 2238 servorumque
1856 2159 2155 2236 capitum
2195 2165 2351 2220 sunt
2392 2165 2610 2237 capta.

450 2267 487 2318 4
517 2257 942 2320 Laetissimus
987 2264 1215 2320 tamen
1262 2260 1582 2320 Romanis
1628 2260 1699 2320 in
1749 2259 2069 2337 principio
2117 2276 2339 2319 rerum
2384 2276 2613 2338 geren-

523 2358 759 2418 darum
817 2359 1147 2420 adventus
1209 2360 1334 2420 fuit
1395 2357 1811 2435 Masinissae3
1878 2375 2076 2436 quem
2140 2359 2415 2437 quidam
2456 2376 2611 2419 cum

523 2457 819 2530 ducentis
867 2458 1051 2519 haud
1100 2459 1388 2536 amplius
1438 2458 1822 2535 equitibuS„
1851 2459 2143 2536 plerique
2194 2475 2351 2519 cum
2403 2459 2612 2520 duum

518 2556 778 2617 milium
817 2558 1118 2635 equitatu
1158 2558 1431 2619 tradunt
1473 2558 1750 2620 venisse.

570 2737 616 2780 9.
670 2737 833 2780 nocte
857 2735 1198 2787 insequenti:
1238 2745 1318 2776 see
1353 2735 1515 2776 Intro·
1608 2746 1721 2777 won
1748 2745 1871 2778 over
1900 2741 1955 2779 to
1982 2739 2069 2778 the
2097 2738 2323 2779 Romans
2352 2739 2419 2789 by
2438 2737 2609 2788 Scipio

467 2855 470 2858 ἢ
518 2802 728 2842 duction
746 2803 1019 2852 V111.3(c).
1607 2804 1792 2853 during
1852 2803 1933 2844 his
1990 2805 2262 2854 campaign
2315 2804 2373 2846 in
2432 2803 2604 2856 Spain.

571 2869 650 2912 10.
696 2869 1134 2921 turbandosque:
1165 2871 1250 2910 the
1267 2869 1516 2910 omission
1608 2871 1943 2920 Throughout
1962 2870 2048 2910 the
2075 2875 2184 2911 rest
2201 2872 2256 2912 ot
2281 2871 2362 2911 his
2380 2870 2501 2922 long
2518 2872 2607 2912 lite

519 2937 573 2975 ot
590 2935 654 2974 ad
671 2933 716 2976 is
735 2940 954 2985 strange.
1608 2937 1671 2976 he
1710 2937 1971 2977 remained
2014 2935 2154 2986 loyal
2206 2941 2262 2978 to
2303 2937 2462 2978 Rome
2504 2939 2605 2980 and

568 3001 752 3042 XXIX.
808 3001 855 3045 8.
911 3000 1178 3052 capitum:
1209 3010 1289 3042 see
1305 3002 1368 3041 27.
1395 3003 1452 3042 16.
1472 3003 1511 3042 7.
1608 3002 1840 3051 strongly
1875 3002 2113 3044 attached
2150 3006 2205 3043 to
2233 3003 2321 3043 the
2349 3003 2527 3054 family
2552 3005 2608 3044 ot

567 3070 616 3111 4.
664 3065 1016 3112 Masinissae:
1038 3078 1068 3108 a
1081 3069 1360 3108 Numidian
1373 3069 1515 3118 king,
1609 3070 1695 3109 the
1714 3067 1923 3120 Scipios.
1980 3067 2071 3109 See
2089 3068 2275 3116 Cicero,
2299 3069 2412 3110 Cato
2432 3069 2603 3118 Maior,

518 3135 760 3186 formerly
793 3143 861 3174 an
896 3135 999 3186 ally
1032 3135 1086 3174 ot
1119 3135 1384 3186 Carthage,
1421 3136 1515 3175 but,
1610 3136 1669 3176 10.
1691 3135 1753 3176 34.
