2967 4384
454 1958 491 2010 3
525 1959 692 2004 mOS.

530 265 638 322 126

1448 264 1511 320 Τ.
1548 265 1712 323 Lm

2354 272 2555 340 [xxxv.
2588 272 2625 326 5

701 440 963 502 XXXV.
1010 439 1180 519 Quia
1213 439 1804 518 periculosissimus
1832 459 2052 504 annus
2080 439 2404 505 inminere
2436 441 2622 504 vide-

535 541 751 618 batur,
796 556 1012 620 neque
1058 540 1359 602 consules
1402 539 1474 600 in
1518 557 1587 602 re
1637 540 1902 619 publica
1945 550 2159 621 erant,
2202 541 2275 603 in
2318 544 2623 605 consules

535 639 908 719 designatos
951 657 1181 702 omnes
1227 639 1420 719 versi,
1469 658 1675 721 quam
1720 640 2011 721 primum
2052 659 2166 705 eos
2208 641 2425 707 sortiri
2472 660 2623 723 pro-

533 739 784 802 vincias
836 747 900 802 et
958 738 1411 819 praesciscere,
1471 757 1677 820 quam
1732 740 2012 821 quisque
2064 758 2297 805 eorum
2352 742 2621 822 provin-

422 851 495 902 io
530 839 726 919 ciam,
779 857 977 920 quem
1022 839 1284 903 hostem
1329 839 1627 919 haberet,
1679 840 2015 905 volebant.

2104 841 2492 906 Provinciae
2539 843 2622 904 iis

528 957 665 1001 non
707 938 1066 1020 permixtae
1104 938 1506 1019 regionibuS,
1547 939 1717 1004 sicut
1756 940 2207 1020 superioribus
2243 942 2460 1021 anniS,
2500 942 2619 1005 sed

533 1039 830 1103 diversae
877 1037 1185 1103 extremis
1232 1038 1464 1103 Italiae
1511 1040 1780 1119 finibus,
1827 1040 2018 1104 alteri
2063 1042 2386 1105 adversus
2434 1043 2619 1104 Han-

527 1140 820 1204 nibalem
865 1138 1108 1203 Bruttii
1153 1147 1218 1203 et
1266 1139 1539 1219 Lucani,
1585 1140 1776 1206 alteri
1823 1141 2034 1204 Gallia
2080 1142 2401 1204 adversus
2447 1143 2618 1205 Has-

533 1240 899 1320 drubalem,
939 1257 1139 1321 quem
1170 1238 1309 1303 iam
1341 1239 1623 1319 Alpibus
1656 1240 2198 1322 adpropinquare
2230 1241 2417 1305 fama
2450 1250 2616 1322 erat,

532 1341 812 1404 decreta.

697 1441 992 1505 XXXVI.
1038 1441 1137 1503 De
1174 1441 1615 1504 Hasdrubalis
1654 1434 1953 1506 adventu
1996 1442 2067 1502 in
2127 1442 2394 1506 Italiam
2456 1462 2614 1507 cura

525 1541 596 1601 in
652 1540 787 1603 dies
841 1541 1196 1604 crescebat.

1286 1540 1798 1604 Massiliensium
1853 1541 2143 1622 primum
2191 1541 2393 1622 legati
2443 1561 2613 1605 nun-

455 1655 491 1705 2
523 1641 854 1705 tiaverant
927 1658 1082 1703 eum
1153 1640 1225 1700 in
1299 1640 1581 1703 Galliam
1652 1648 2156 1720 transgressum,
2231 1650 2614 1723 erectosque

525 1740 824 1804 adventu
895 1739 1058 1820 eiuS,
1137 1739 1292 1820 quia
1364 1757 1687 1819 magnum
1764 1741 2023 1819 pondus
2095 1740 2243 1804 auri
2315 1742 2613 1806 attulisse

531 1840 851 1904 diceretur
881 1841 970 1902 ad
1000 1839 1303 1902 mercede
1333 1839 1580 1902 auxilia
1612 1840 2067 1918 conducenda,
2100 1840 2441 1904 Gallorum
2470 1842 2611 1904 ani-

780 1939 964 2001 Missi
994 1939 1228 2001 deinde
1254 1958 1409 2001 cum
1431 1938 1512 2000 iis
1535 1938 1735 2018 legati
1758 1940 1847 2001 ab
1873 1941 2090 2002 Roma
2118 1943 2262 2004 SeX.
2288 1941 2612 2006 Antistius

525 2048 587 2103 et
630 2040 721 2102 M.
765 2039 1047 2101 Raecius
1089 2038 1177 2100 ad
1218 2056 1360 2101 rem
1400 2038 1885 2117 inspiciendam
1925 2039 2313 2103 rettulerant
2357 2041 2612 2105 misisse

523 2157 593 2201 se
631 2157 785 2201 cum
819 2137 1340 2200 Massiliensibus
1380 2137 1681 2216 ducibus,
1725 2138 1837 2218 qui
1877 2155 1990 2216 per
2026 2137 2320 2218 hospites
2357 2158 2609 2220 eorum,

450 2252 487 2303 4
526 2238 852 2318 principes
927 2237 1286 2315 Gallorum,
1361 2236 1586 2299 omnia
1658 2237 1999 2316 explorata
2070 2239 2415 2318 referrent3
2492 2258 2609 2319 pro

520 2346 859 2419 comperto
894 2336 1140 2399 habere
1175 2337 1670 2399 Hasdrubalem
1703 2336 1955 2416 ingenti
1988 2336 2127 2399 iam
2164 2347 2394 2402 coacto
2430 2356 2609 2402 exer-

520 2439 656 2502 citu
719 2436 1016 2518 proximo
1079 2453 1231 2498 vere
1290 2434 1490 2515 Alpes
1547 2435 2004 2515 traiecturum,
2064 2454 2189 2500 nec
2248 2445 2395 2501 tum
2455 2457 2610 2501 eum

524 2538 883 2619 quicquam
922 2535 1106 2599 aliud
1147 2534 1414 2613 morari,
1456 2534 1584 2597 nisi
1630 2536 1807 2616 quod
1850 2536 2113 2600 clausae
2154 2536 2371 2600 hieme
2410 2537 2610 2617 Alpes

519 2645 758 2701 essent.

689 2737 824 2799 XL.
873 2735 1188 2798 Consules
1243 2734 1519 2796 diversis
1569 2734 1918 2798 itineribus
1974 2735 2253 2816 profecti
2302 2736 2392 2799 ab
2441 2737 2607 2802 urbe

521 2838 702 2901 velut
737 2836 809 2898 in
849 2836 980 2898 duo
1021 2835 1264 2915 pariter
1304 2835 1474 2897 bella
1516 2835 1964 2900 distenderant
2004 2854 2197 2898 curas
2234 2836 2606 2917 hominum,

572 3007 779 3050 XXXV.
859 3009 905 3054 5.
984 3015 1164 3059 nequo
1257 3006 1516 3051 0011811108

519 3076 702 3120 erant:
740 3076 828 3116 the
861 3076 1066 3116 consuls
1099 3076 1156 3115 ot
1195 3074 1271 3115 208
1308 3081 1426 3120 B.0.‚
1461 3073 1512 3114 C.

517 3143 758 3185 Claudius
775 3143 1041 3184 Marcellus
1058 3143 1158 3183 and
1175 3142 1229 3182 Τ.
1245 3140 1517 3191 Quinctius

517 3210 795 3261 crispinus,
816 3209 1040 3260 engaged
1057 3209 1180 3250 with
1191 3208 1448 3249 Hannibal
1459 3209 1517 3248 at

519 3276 756 3318 Venusia.
811 3276 1080 3317 Marcellus
1122 3284 1228 3316 was
1271 3273 1424 3315 killed
1459 3273 1515 3314 in

519 3344 682 3385 battle
699 3343 799 3384 and
834 3342 1098 3392 crispinus
1115 3341 1341 3382 received
1377 3350 1408 3381 a
1443 3349 1514 3382 se·

518 3419 634 3451 vere
665 3410 863 3456 wound‚
885 3410 1019 3450 trom
1044 3408 1210 3450 which
1236 3409 1299 3448 he
1333 3407 1446 3449 died
1482 3417 1515 3449 a

518 3480 614 3518 tew
631 3477 758 3528 days
775 3477 918 3517 later.

569 3546 651 3588 10.
703 3541 1016 3601 permixtae
1045 3541 1389 3594 regionibus:
1420 3544 1515 3583 not

517 3611 653 3661 Italy
670 3609 727 3650 in
755 3610 961 3661 general
991 3619 1047 3650 as
1065 3619 1097 3650 a
1116 3609 1232 3649 field
1260 3610 1314 3649 ot
1342 3617 1514 3660 opera·

518 3679 656 3718 tions
675 3678 756 3718 tor
772 3677 898 3718 both
925 3676 1151 3725 consuls:
1180 3677 1275 3717 but
1304 3676 1392 3717 the
1415 3684 1516 3716 one

515 3743 693 3786 consul
725 3752 834 3786 was
867 3745 923 3784 to
954 3752 1104 3794 carry
1138 3750 1208 3783 on
1247 3751 1356 3783 war
1387 3741 1515 3783 with

519 3809 778 3851 Hannibal
819 3808 877 3849 in
911 3809 999 3849 the
1030 3809 1198 3856 south,
1242 3807 1394 3849 while
1426 3808 1515 3849 the

1608 3004 1869 3048 Northern
1902 3005 2051 3058 Italy,
2084 3014 2145 3048 or
2168 3005 2423 3058 Cisalpine
2455 3006 2602 3050 Gaul.

1608 3073 1899 3114 Hasdrubal
1933 3074 2034 3115 had
2063 3074 2189 3114 been
2220 3073 2505 3116 instructed
2538 3076 2606 3126 by

1609 3141 1697 3181 the
1713 3140 2083 3191 Carthaginian
2100 3143 2275 3182 senate
2292 3143 2347 3181 to
2367 3141 2516 3193 bring
2532 3150 2604 3182 re-

1607 3206 1969 3248 intorcements
1987 3211 2041 3248 to
2059 3207 2141 3247 his
2159 3208 2366 3248 brother
2386 3209 2486 3249 and
2504 3207 2604 3250 had

1606 3273 1875 3314 succeeded
1889 3273 1943 3314 in
1958 3273 2198 3325 escaping
2209 3275 2343 3315 from
2356 3275 2442 3316 the
2458 3284 2606 3328 army

1607 3341 1661 3380 ot
1680 3339 1851 3392 Scipio
1868 3341 1951 3391 (2⁷.
1970 3341 2033 3381 20.
2055 3341 2117 3391 6).

1607 3405 1847 3450 XXXVI.
1877 3408 1983 3452 1-4.
2013 3406 2122 3450 XL.
2153 3407 2259 3452 1-6.
2296 3406 2607 3452 Hasdrubal

1706 3473 1765 3516 in
1780 3473 1937 3524 Italy.
1987 3473 2227 3524 Anxiety
2243 3475 2300 3517 in
2318 3475 2501 3518 Rome.

1658 3540 1706 3584 3.
1761 3539 2005 3584 misisse:
2024 3539 2095 3582 its
2112 3541 2280 3590 object
2298 3541 2343 3582 is
2361 3542 2448 3583 the
2464 3545 2602 3584 ante-

1606 3607 1785 3650 cedent
1802 3608 1856 3648 of.
1875 3607 1962 3648 the
1974 3605 2254 3658 qui-clause.

1655 3676 1706 3718 4.
1760 3681 1864 3725 pro
1916 3671 2199 3724 comperto
2253 3673 2481 3719 habere:
2534 3675 2598 3716 ct.

1602 3749 1699 3790 pro
1716 3739 1842 3781 certo
1860 3738 2048 3780 habere.
2105 3741 2318 3784 coacto:
2340 3742 2425 3782 the
2435 3750 2602 3782 mean-

1606 3806 1697 3858 ing
1730 3809 1819 3848 “to
1852 3807 2062 3848 collect'’
2080 3806 2125 3847 is
2159 3807 2441 3848 consistent
2475 3807 2605 3852 with

515 3878 664 3920 other
704 3883 811 3918 was
852 3877 908 3918 to
949 3878 1083 3916 meet
1125 3873 1416 3916 Hasdrubal
1457 3873 1514 3916 in
1608 3874 1695 3916 the
1711 3873 2003 3926 etymology
2016 3874 2070 3915 ot
2088 3881 2259 3928 cocere.
2350 3905 2353 3908 .
