2967 4384
477 195 550 254 50
1134 281 1150 297 .
1395 200 1458 258 ¹1⁶.
1496 199 1661 260 Lm
2390 204 2508 276 [liv.
2532 203 2570 262 4

405 385 444 438 4
477 374 584 435 Ita
624 372 807 437 mille
850 374 1216 456 equitibus,
1257 375 1441 439 mille
1501 375 1837 456 peditibus
1882 378 2172 443 dimissis
2221 380 2568 444 Hannibal

481 474 696 553 prima
735 475 884 538 luce
925 475 1252 539 Numidas
1292 477 1553 557 equites
1596 484 2045 558 transgressos
2086 481 2400 544 Trebiam
2440 483 2565 543 flu-

476 592 634 637 men
679 574 1072 656 obequitare
1116 575 1306 639 iubet
1351 575 1650 640 hostium
1699 579 1907 657 portis
1950 579 2449 662 iaculandoque
2492 581 2568 642 in

475 674 798 738 stationes
857 675 1093 739 elicere
1151 676 1241 739 ad
1305 695 1604 757 pugnam
1662 673 1950 758 hostem,
2009 679 2258 744 iniecto
2324 680 2567 744 deinde

476 775 841 838 certamine
908 775 1210 839 cedendo
1277 777 1529 840 sensim
1596 777 1761 842 citra
1829 780 2085 843 flumen
2155 780 2563 860 pertrahere.

403 881 439 933 5
463 871 658 939 'Haec
693 876 1020 940 mandata
1052 877 1391 957 Numidis;
1439 877 1675 942 ceteris
1715 879 1999 942 ducibus
2037 881 2342 961 peditum
2374 881 2563 962 equi-

474 982 754 1058 tumque
783 983 1240 1057 praeceptum,
1265 983 1341 1040 ut
1369 978 1697 1058 prandere
1722 997 1957 1044 omnes
1981 979 2315 1062 iuberent,
2340 1000 2563 1046 arma-

471 1082 576 1140 tos
611 1075 850 1140 deinde
881 1076 1180 1140 instratis
1189 1096 1317 1156 que
1347 1078 1539 1157 equis
1570 1077 1840 1157 signum
1870 1086 2245 1159 expectare.

400 1191 438 1242 6
648 1179 1081 1258 Sempronius
1146 1178 1237 1242 ad
1303 1180 1676 1241 tumultum
1740 1180 2191 1244 Numidarum
2260 1183 2560 1262 primum

471 1295 745 1341 omnem
787 1277 1192 1358 equitatum,
1235 1278 1426 1341 ferox
1470 1295 1551 1342 ea
1600 1283 1787 1358 parte
1836 1278 2106 1359 virium,
2157 1280 2397 1345 deinde
2442 1300 2561 1347 sex

469 1377 657 1440 milia
716 1377 1042 1458 peditum,
1103 1384 1438 1458 postremo
1497 1382 1729 1440 omnes
1786 1378 2016 1459 copias
2070 1379 2161 1444 ab
2222 1380 2559 1468 destinato

398 1485 434 1536 ‘1
466 1477 608 1541 iam
638 1483 796 1542 ante
831 1477 1108 1541 consilio
1138 1477 1384 1542 avidus
1420 1478 1805 1541 certaminis
1838 1479 2094 1544 eduxit.
2184 1481 2349 1544 Erat
2382 1482 2559 1546 forte
2648 1539 2657 1548 .

406 1661 411 1664 -
471 1579 750 1642 brumae
787 1583 1056 1658 tempus
1091 1584 1156 1640 et
1191 1577 1437 1640 nivalis
1477 1577 1616 1640 dies
1652 1578 1724 1638 in
1758 1579 1922 1640 locis
1957 1578 2242 1660 Alpibus
2277 1579 2553 1661 Appen-

464 1678 764 1759 ninoque
813 1677 1198 1756 interiectiS,
1254 1677 1757 1758 propinquitate
1806 1677 2014 1741 etiam
2064 1679 2426 1742 fluminum
2472 1699 2555 1744 ac

395 1783 432 1835 8
470 1778 798 1857 paludum
823 1777 1240 1858 praegelidis,
1332 1776 1436 1838 Ad
1458 1778 1587 1840 hoc
1609 1776 1859 1857 raptim
1880 1778 2141 1841 eductis
2164 1778 2556 1843 hominibus

463 1883 669 1959 atque
725 1877 940 1958 equiS,
995 1895 1134 1939 non
1190 1882 1388 1957 capto
1441 1882 1601 1940 ante
1658 1877 1831 1955 cibo,
1887 1895 2027 1940 non
2082 1896 2211 1958 ope
2266 1879 2405 1942 ulla
2460 1881 2552 1942 ad

464 1977 834 2040 arcendum
869 1976 1082 2056 frigus
1118 1976 1449 2056 adhibita,
1488 1976 1657 2039 nihil
1693 1977 1933 2040 caloris
1969 1977 2210 2058 inerat,
2248 1984 2315 2042 et
2358 1978 2553 2060 quid-

468 2077 630 2158 quid
674 2095 880 2140 aurae
926 2076 1223 2138 fluminis
1267 2075 1937 2157 adpropinquabant,
1982 2078 2289 2140 adflabat
2332 2079 2553 2141 acrior

391 2183 429 2236 9
458 2179 726 2257 frigoris
767 2177 890 2240 vis,
982 2179 1073 2239 Ut
1112 2195 1269 2239 vero
1307 2177 1713 2255 refugientes
1750 2177 2079 2240 Numidas
2116 2179 2551 2258 insequentes

462 2295 710 2359 aquam
751 2277 1036 2356 ingressi
1078 2283 1237 2340 sunt
1270 2312 1353 2322 —
1383 2282 1447 2338 et
1492 2282 1636 2339 erat
1681 2277 2065 2356 pectoribus
2107 2283 2304 2340 tenus
2343 2285 2549 2342 aucta

460 2385 790 2442 nocturno
822 2377 1027 2450 imbri
1059 2413 1144 2422 —
1179 2382 1327 2440 tum
1370 2376 1605 2455 utique
1649 2377 1927 2455 egressis
1972 2378 2186 2456 rigere
2227 2378 2547 2441 omnibus

457 2496 762 2560 corpora,
813 2484 888 2540 ut
941 2479 1052 2539 vix
1099 2494 1445 2539 armorum
1496 2478 1942 2540 tenendorum
1996 2477 2298 2556 potentia
2347 2483 2545 2558 esset,

456 2584 523 2642 et
562 2579 763 2641 simul
801 2577 1198 2642 lassitudine
1237 2582 1304 2642 et
1347 2569 1748 2657 procedente
1788 2575 1927 2640 iam
1972 2577 2075 2640 die
2113 2577 2297 2642 fame
2338 2577 2545 2641 etiam

386 2695 420 2745 1
462 2679 761 2743 deficere.
853 2679 984 2741 LV.
1032 2676 1436 2739 Hannibalis
1490 2676 1761 2738 interim
1815 2676 2007 2739 miles
2060 2676 2332 2756 ignibus
2385 2683 2545 2740 ante

456 2779 742 2843 tentoria
764 2779 963 2842 factis
989 2779 1270 2858 oleoque
1297 2794 1414 2857 per
1434 2777 1845 2856 manipuloS,
1871 2783 1946 2840 ut
1969 2777 2309 2839 mollirent
2331 2784 2545 2857 artuS,

454 2881 658 2943 misso
693 2886 759 2942 et
795 2880 946 2943 cibo
985 2871 1101 2958 per
1137 2879 1350 2940 otium
1386 2882 1609 2955 capto,
1646 2877 1766 2939 ubi
1801 2883 2252 2956 transgressos
2288 2879 2543 2940 flumen

454 2963 664 3043 hostis
693 2981 1084 3042 nuntiatum
1111 2985 1233 3057 est,
1263 2978 1484 3040 alacer
1512 2977 1758 3040 animis
1789 2977 2319 3057 corporibusque
2348 2996 2541 3040 arma

381 3086 417 3136 2
452 3081 634 3160 capit
658 3085 863 3161 atque
887 3078 960 3139 in
982 3077 1199 3141 aciem
1226 3075 1547 3157 procedit.
1641 3076 1939 3139 Baliares
1962 3075 2142 3139 locat
2164 3081 2324 3139 ante
2350 3076 2541 3155 signa

449 3181 805 3259 levemque
835 3178 1042 3241 aliam
1069 3183 1513 3254 armaturam,
1535 3182 1685 3239 octo
1712 3177 1922 3238 ferme
1954 3175 2140 3238 milia
2158 3175 2540 3255 hominum,

406 3434 410 3438 .
499 3397 546 3441 6.
600 3397 670 3440 ab
723 3393 1007 3440 destinato
1047 3392 1307 3438 consilio:
1337 3395 1445 3433 “ac-
1539 3392 1780 3434 cusatlve.
1835 3392 1879 3433 A
1947 3390 2300 3444 comparative
2366 3390 2534 3431 would

449 3462 658 3514 cording
687 3467 741 3504 to
768 3464 856 3504 the
882 3462 1005 3514 plan
1022 3461 1246 3511 already
1263 3459 1445 3501 settled
1539 3469 1674 3500 seem
1716 3468 1858 3500 more
1907 3460 2136 3507 naturam
2195 3459 2312 3499 “the
2354 3466 2535 3500 nearer

448 3531 505 3572 in
517 3530 599 3570 his
615 3529 768 3570 mind.
779 3530 810 3549 ”
1540 3527 1659 3577 they
1678 3527 2009 3577 approaehed.
2019 3527 2049 3546 ’⁹

499 3598 547 3643 7.
601 3595 857 3648 Alpibus:
902 3595 1075 3637 dative
1124 3594 1252 3635 with
1303 3592 1446 3633 inter-
1591 3594 1638 3637 9.
1691 3593 1879 3637 tenus:
1910 3603 1943 3635 a.
1984 3591 2323 3644 postpositlve
2357 3599 2535 3643 prepo-

446 3663 594 3705 iectis.
1540 3659 1717 3707 Βηίους
1754 3660 2150 3710 “breast-high.”
2186 3658 2397 3710 rigere:
2441 3657 2539 3698 his-

499 3733 545 3775 8.
600 3738 726 3782 ope:
743 3731 904 3772 refers
929 3728 1266 3781 particularly
1285 3731 1340 3768 to
1358 3727 1446 3768 the
1540 3726 1723 3767 torical
1771 3725 2027 3767 infinitivo
2073 3735 2132 3767 as
2172 3724 2219 3766 is
2271 3724 2379 3766 also
2431 3721 2541 3772 defl-

446 3807 537 3842 use
553 3798 608 3839 ot
632 3797 716 3838 011.
772 3795 1064 3848 qumquid:
1085 3794 1344 3836 adverbial
1370 3803 1446 3835 ae·
1539 3801 1655 3835 cere.
