2967 4384
572 245 646 300 48
994 223 1000 228 ’
1494 247 1556 303 r.
1594 246 1761 304 uvi
2480 250 2667 322 [uni

505 438 536 487 1
749 420 920 482 LIII.
970 420 1280 482 Ceterum
1329 420 1585 482 nemini
1639 421 1944 483 omnium
1994 421 2212 485 maior
2262 441 2342 485 ea
2392 423 2669 485 iustior-

578 537 705 599 que
749 537 952 598 quam
987 520 1116 599 ipsi
1153 521 1412 583 consuli
1452 520 1693 600 videri3
1740 523 1991 600 gaudio
2026 523 2270 602 efferri,
2299 542 2432 602 qua
2473 531 2667 602 parte

505 641 538 692 1
573 621 924 698 copiarum
975 620 1143 682 alter
1179 621 1412 682 consul
1450 622 1667 683 victus
1700 621 1898 700 foret,
1934 639 2014 684 ea
2048 641 2120 685 se
2158 623 2423 685 vicisse:
2472 625 2665 685 resti-

574 726 754 783 tutos
787 741 866 784 ac
901 721 1186 783 refectos
1219 721 1547 784 militibus
1580 722 1869 801 animoS,
1903 741 2027 784 nec
2068 741 2483 802 quemquam
2518 743 2668 787 esse

579 828 837 900 praeter
899 823 1273 902 conlegam,
1339 824 1452 902 qui
1520 824 1799 885 dilatam
1865 823 2366 886 dimicationem
2435 826 2667 904 vellet;

574 940 731 983 eum
764 923 993 985 animo
1027 925 1242 1004 magis
1282 943 1488 1005 quam
1522 943 1800 1004 corpore
1833 943 2114 1004 aegrum
2147 926 2476 988 memoria
2512 926 2665 988 vul-

574 1023 752 1085 neris
793 1025 1008 1086 aciem
1047 1045 1128 1089 ac
1169 1027 1300 1090 tela
1341 1027 1632 1089 horrere.
1729 1027 1858 1090 Sed
1897 1044 2037 1088 non
2076 1044 2218 1089 esse
2260 1046 2417 1090 cum
2457 1044 2665 1106 aegro

505 1136 541 1187 3
574 1125 1084 1187 senescendum.
1176 1124 1351 1204 Quid
1374 1125 1558 1187 enim
1580 1125 1757 1187 ultra
1787 1125 2037 1187 differri
2060 1132 2180 1188 aut
2204 1126 2327 1188 teri
2353 1127 2665 1206 tempus?

576 1224 789 1302 Quem
845 1226 1118 1286 tertium
1174 1226 1543 1305 consulem,
1606 1244 1805 1305 quem
1859 1227 2071 1289 alium
2126 1228 2493 1290 exercitum
2549 1245 2663 1289 ex-

504 1338 543 1390 4
580 1324 870 1403 pectari?
962 1328 1193 1389 Castra
1245 1327 1900 1406 Carthaginiensium
1949 1328 2021 1388 in
2070 1328 2268 1390 Italia
2317 1346 2398 1390 ac
2454 1345 2663 1407 prope

575 1423 646 1484 in
697 1432 1062 1505 conspectu
1110 1426 1296 1489 urbis
1345 1445 1510 1490 esse.
1600 1428 1749 1488 Non
1802 1425 2098 1490 Siciliam
2144 1446 2224 1490 ac
2278 1427 2663 1492 Sardiniam

580 1524 772 1587 victis
813 1526 1170 1604 ademptas
1211 1544 1334 1589 nec
1378 1527 1470 1588 cis
1513 1526 1845 1587 Hiberum
1887 1527 2293 1605 Hispaniam
2339 1528 2497 1607 peti,
2539 1528 2661 1589 sed

575 1625 718 1686 solo
788 1627 1000 1706 patrio
1061 1633 1394 1706 terraque,
1457 1628 1530 1687 in
1594 1645 1725 1706 qua
1786 1628 1993 1705 geniti
2030 1628 2277 1706 forent,
2324 1628 2478 1707 pelli
2519 1630 2656 1690 Ro-

505 1739 541 1791 5
578 1743 838 1788 manos,
931 1726 1298 1805 ‘Quantum
1348 1725 1815 1804 ingemiscant’
1866 1723 2089 1806 inquit
2143 1727 2393 1806 ‘patres
2445 1727 2661 1789 nostri

580 1825 754 1886 circa
794 1825 1062 1889 moenia
1104 1825 1525 1904 Carthaginis
1568 1826 1814 1889 bellare
1853 1825 2054 1906 soliti,
2096 1825 2152 1888 si
2197 1826 2472 1889 videant
2512 1845 2660 1906 noS,

583 1925 967 2004 progeniem
990 1944 1209 2005 suam,
1239 1926 1404 1987 duos
1430 1926 1736 1988 consules
1763 1926 2283 2007 consularesque
2308 1926 2660 2005 exercituS,

577 2025 648 2085 in
697 2025 921 2087 media
970 2025 1165 2088 Italia
1219 2025 1526 2104 paventis
1574 2025 1751 2088 intra
1801 2033 2045 2105 castra,
2096 2030 2422 2106 Poenum,
2478 2027 2661 2106 quod

577 2125 750 2187 inter
817 2126 1002 2206 Alpis
1069 2127 1684 2206 Appenninumque
1751 2126 1895 2204 agri
1964 2126 2073 2207 sit,
2142 2145 2307 2190 suae
2380 2127 2661 2190 dicionis

509 2233 545 2283 6
575 2225 874 2288 fecisse?’
964 2228 1148 2289 Haec
1180 2226 1498 2288 adsidens
1529 2243 1728 2305 aegro
1764 2226 2079 2306 collegae,
2135 2226 2301 2290 haec
2350 2226 2422 2288 in
2473 2244 2661 2307 prae-

579 2326 749 2387 torio
793 2344 996 2405 prope
1031 2325 1614 2390 contionabundus
1644 2344 1862 2404 agere.
1958 2326 2365 2390 Stimulabat
2395 2331 2462 2389 et
2493 2333 2662 2389 tem-

583 2445 706 2506 pus
742 2428 1198 2509 propinquum
1231 2427 1681 2506 comitiorum,
1713 2445 1797 2488 ne
1829 2427 1902 2486 in
1932 2445 2148 2489 novos
2182 2429 2489 2490 consules
2526 2428 2662 2489 bel-

576 2528 721 2588 lum
751 2526 1148 2606 differretur,
1177 2532 1242 2590 et
1269 2525 1530 2590 occasio
1557 2525 1630 2586 in
1655 2543 1725 2588 se
1751 2543 1967 2588 unum
1996 2527 2360 2589 vertendae
2386 2526 2663 2606 gloriae,

507 2634 543 2685 ‘1
583 2627 745 2690 dum
764 2647 961 2708 aeger
983 2629 1234 2707 collega
1256 2633 1421 2690 erat.
1511 2628 1752 2706 Itaque
1783 2627 2204 2706 nequiquam
2229 2626 2665 2689 dissentiente
2729 2673 2735 2677 -

581 2729 885 2791 Cornelio
924 2729 1144 2808 parari
1176 2728 1266 2791 ad
1305 2727 1761 2808 propinquum
1795 2734 2135 2790 certamen
2169 2727 2415 2791 milites
2448 2727 2662 2790 iubet.

750 2830 1096 2892 Hannibal
1126 2847 1304 2908 cum,
1340 2827 1503 2908 quid
1535 2826 1869 2905 optimum
1896 2828 2072 2890 foret
2101 2827 2302 2905 hosti,
2337 2833 2661 2906 cerneret,

583 2931 694 2993 vix
730 2931 940 2993 ullam
978 2948 1169 3009 spem
1207 2929 1505 2991 habebat
1543 2932 1791 2989 temere
1827 2933 2036 3008 atque
2073 2926 2435 3006 inprovide
2478 2927 2663 3006 quic-

630 3114 763 3155 ΜΠ.
820 3114 865 3159 1.
921 3112 1148 3157 iustior:
1209 3114 1381 3152 “more
1441 3119 1577 3151 com·
1667 3109 1929 3160 carthago.
1984 3109 2222 3155 Poenum
2250 3140 2263 3154 .
2294 3141 2308 3154 .
2341 3139 2354 3154 .
2382 3108 2604 3152 fecisse:
2632 3118 2665 3151 a

579 3183 759 3232 plete.”
813 3180 1009 3231 videri,
1049 3177 1256 3223 efferri:
1311 3177 1576 3220 historical
1668 3178 1851 3218 second
1877 3177 2044 3227 object
2070 3179 2123 3218 or
2156 3177 2361 3224 videant,
2378 3176 2589 3226 parallel
2609 3178 2665 3216 to

579 3248 870 3289 infinitives.
940 3256 999 3291 se
1059 3245 1288 3291 vicisse:
1361 3255 1392 3286 a
1447 3243 1575 3295 quod
1666 3253 1755 3284 nos
1798 3244 2033 3294 paventia.
2107 3243 2369 3288 dicionis:
2407 3243 2665 3294 predicate

580 3315 746 3355 clause
760 3313 806 3354 is
822 3322 962 3354 more
978 3313 1265 3363 frequently
1285 3311 1404 3352 used
1421 3315 1475 3352 to
1493 3320 1574 3351 ex·
1666 3311 1949 3362 possessive
1972 3311 2209 3360 genitive.

580 3391 721 3432 press
741 3381 826 3421 the
844 3389 1021 3420 source
1038 3380 1092 3418 ot
1111 3380 1198 3419 the
1214 3379 1453 3419 emotion.
1719 3378 1764 3422 6.
1820 3376 2319 3422 contionabundus:
2364 3377 2427 3418 cf.
2477 3375 2666 3426 tempta·

634 3449 678 3493 3.
733 3445 967 3491 differri:
1023 3446 1108 3485 the
1158 3444 1411 3484 infinitivo
1456 3445 1575 3485 here
1667 3441 1862 3490 bandus,
1892 3443 1998 3484 36.1.
2051 3445 2155 3484 The
2174 3444 2353 3484 consul
2386 3443 2535 3495 plays
2576 3443 2665 3483 the

579 3517 864 3565 represents
899 3522 929 3554 a
951 3511 1224 3553 rhetorical
1257 3510 1495 3562 question
1522 3512 1576 3551 ot
1666 3511 1991 3560 demagogue.
2045 3508 2420 3553 comitiorum:
2449 3510 2535 3549 the
2552 3517 2665 3548 con-

581 3584 698 3623 tact.
1667 3577 1807 3617 sular
1831 3574 2059 3616 election.
2112 3575 2217 3617 One
2235 3579 2381 3626 great
2405 3575 2667 3616 weakness

630 3651 679 3693 4.
731 3646 925 3692 victis:
945 3645 1116 3686 dative
1134 3646 1189 3685 or
1214 3644 1521 3694 separation.
1666 3645 1721 3683 ot
1762 3644 1849 3683 the
1891 3643 2090 3684 Roman
2115 3641 2347 3692 military
2382 3645 2577 3692 system
2618 3640 2665 3682 is

634 3716 678 3760 δ.
734 3713 912 3758 soliti:
929 3721 996 3754 an
1007 3713 1340 3752 untortunate
1355 3711 1575 3751 allusion
1667 3711 1784 3750 here
1810 3709 2113 3750 illustrated.

580 3787 636 3824 to
655 3782 893 3832 Regulus,
913 3781 998 3820 the
1017 3779 1137 3829 only
1152 3779 1350 3820 Roman
1367 3778 1575 3828 general
1716 3777 1763 3819 7.
1816 3773 2034 3827 parari:
2070 3773 2258 3815 middle
2284 3774 2437 3816 voice.
2491 3771 2663 3818 foret:

580 3850 695 3891 who
714 3848 813 3890 had
830 3846 1060 3888 hitherto
1085 3845 1164 3886 led
1188 3843 1270 3886 his
1287 3853 1433 3896 army
1451 3852 1574 3885 near
1671 3841 1847 3882 =e⁸sec.
