2967 4384
453 217 526 272 ss
1361 216 1425 270 τ.
1463 217 1630 272 uvr
2398 217 2481 284 [ii.
2512 217 2547 270 ι

387 403 420 453 1
627 388 717 452 11.
766 390 946 451 Dum
983 389 1217 451 consul
1257 388 1605 467 placandis
1656 389 1912 451 Romae
1954 386 2054 449 dis
2090 388 2548 468 habendoque

461 489 706 551 dilectu
764 489 879 551 dat
932 506 1230 567 operam,
1286 489 1632 550 Hannibal
1690 488 2027 566 profectus
2081 505 2161 551 ex
2214 488 2547 567 hiberniS,

463 589 619 668 quia
680 587 820 650 iam
880 587 1288 650 Flaminium
1351 589 1696 650 consulem
1756 587 2095 650 Arretium
2176 588 2548 670 pervenisse

389 697 425 748 2
455 688 644 750 fama
707 693 873 767 erat,
937 704 1093 749 cum
1154 687 1340 750 aliud
1403 687 1692 767 longius,
1755 693 2053 750 ceterum
2131 686 2553 752 commodius

463 788 927 851 ostenderetur
977 787 1124 866 iter,
1181 786 1562 867 propiorem
1617 789 1799 849 viam
1854 805 1969 867 per
2024 790 2297 868 paludes
2352 789 2542 869 petit,

466 906 597 968 qua
647 888 895 950 fluvius
942 888 1163 950 Arnus
1231 905 1346 967 per
1392 905 1508 950 eos
1560 887 1698 949 dies
1746 888 1943 950 solito
1991 887 2208 967 magis
2255 887 2549 949 inunda-

392 1000 428 1052 3
466 993 675 1051 verat.
767 988 1107 1068 Hispanos
1173 994 1238 1050 et
1304 987 1500 1050 Afros
1566 993 1632 1050 et
1700 1005 1896 1050 omne
1968 987 2272 1051 veterani
2337 988 2553 1050 robur

463 1088 789 1152 exercitus
819 1089 1137 1151 admixtis
1168 1089 1470 1167 ipsorum
1516 1088 2041 1167 impedimentiS,
2088 1087 2336 1151 necubi
2384 1106 2544 1150 con-

463 1188 692 1251 sistere
739 1190 985 1251 coactis
1030 1189 1405 1251 necessaria
1450 1189 1539 1250 ad
1585 1206 1747 1250 usus
1782 1188 2109 1268 deessent,
2160 1189 2411 1268 primos
2456 1188 2553 1250 ire

395 1297 434 1347 4
463 1288 678 1367 iussit,
712 1289 902 1369 sequi
935 1289 1179 1367 Gallos,
1213 1295 1288 1350 ut
1334 1288 1403 1349 id
1435 1288 1724 1368 agminis
1762 1288 2066 1350 medium
2096 1295 2293 1369 esset,
2324 1280 2553 1351 novis-

465 1388 669 1450 simos
696 1388 789 1450 ire
818 1389 1098 1468 equiteS,
1128 1390 1488 1467 Magonem
1513 1388 1670 1450 inde
1700 1406 1855 1450 cum
1881 1406 2048 1468 expe
2059 1389 2212 1450 ditis
2239 1389 2553 1451 Numidis

468 1507 699 1567 cogere
728 1506 993 1568 agmen,
1023 1489 1312 1572 maxime
1344 1488 1590 1567 GalloS,
1636 1487 1692 1550 si
1736 1488 1960 1551 taedio
1988 1489 2238 1551 laboris
2282 1489 2554 1568 longae-

472 1607 597 1669 que
644 1589 813 1667 viae,
856 1595 930 1650 ut
970 1595 1069 1650 est
1110 1589 1329 1651 mollis
1369 1589 1457 1651 ad
1501 1588 1662 1650 talia
1703 1607 1888 1668 genS,
1936 1588 2393 1651 dilaberentur
2433 1595 2555 1651 aut

395 1703 433 1754 5
467 1689 927 1767 subsisterent,
969 1689 1416 1751 cohibentem.
1532 1688 1759 1767 Primi,
1804 1706 1935 1768 qua
1972 1689 2179 1750 modo
2220 1688 2555 1768 praeirent

473 1789 695 1867 duces,
727 1807 841 1868 per
869 1791 1200 1867 praealtas
1226 1789 1417 1851 fluvii
1440 1808 1521 1851 ac
1551 1789 1922 1867 profundas
1951 1788 2304 1868 voragines
2329 1787 2555 1850 hausti

473 1906 681 1967 paene
710 1888 874 1950 limo
903 1889 1483 1969 inmergentesque
1514 1907 1583 1950 se
1614 1893 1844 1950 tamen
1862 1888 2052 1967 signa
2072 1890 2552 1968 sequebantur.

400 2006 437 2058 6
471 1988 640 2050 Galli
688 2007 907 2068 neque
957 1989 1281 2051 sustinere
1330 2007 1398 2051 se
1452 1988 1746 2067 prolapsi
1793 2005 2013 2067 neque
2062 1989 2425 2068 adsurgere
2474 2008 2555 2051 ex

474 2088 907 2166 voraginibus
969 2095 1276 2168 poterant
1334 2107 1553 2168 neque
1612 2094 1731 2150 aut
1790 2105 2073 2167 corpora
2131 2089 2378 2151 animis
2436 2095 2556 2152 aut

468 2188 731 2250 animos
762 2207 878 2267 spe
911 2189 1357 2268 sustinebant,
1389 2189 1504 2250 alii
1534 2189 1712 2250 fessa
1743 2205 1937 2267 aegre
1970 2188 2311 2251 trahentes
2343 2208 2555 2251 mem-

399 2303 436 2356 7
474 2290 614 2366 bra,
656 2288 793 2367 alii,
837 2288 955 2350 ubi
996 2290 1199 2350 semel
1245 2289 1436 2350 victis
1470 2289 1694 2350 taedio
1726 2287 1972 2349 animis
2013 2290 2551 2369 procubuissent,

467 2389 642 2472 inter
682 2389 982 2450 iumenta
1024 2395 1088 2451 et
1122 2388 1270 2468 ipsa
1311 2387 1600 2450 iacentia
1640 2387 1888 2466 passim
1930 2388 2319 2467 morientes3
2368 2408 2554 2451 max-

467 2489 736 2568 imeque
782 2489 1086 2551 omnium
1132 2489 1394 2568 vigiliae
1439 2488 1887 2551 conficiebant
1934 2506 2049 2567 per
2098 2490 2556 2569 quadriduum

401 2609 438 2660 8
467 2591 605 2652 iarn
641 2595 706 2652 et
742 2595 874 2651 tres
908 2596 1137 2652 noctes
1174 2591 1515 2653 toleratae.
1625 2588 1793 2651 Cum
1830 2587 2056 2650 omnia
2094 2589 2556 2654 obtinentibus

468 2689 665 2770 aquis
732 2690 922 2769 nihil,
970 2690 1109 2753 ·ubi
1175 2690 1247 2750 in
1314 2690 1491 2751 sicco
1556 2688 1735 2751 fessa
1803 2694 2176 2751 sternerent
2245 2708 2553 2771 corpora,

401 2813 437 2863 9
469 2789 758 2852 inveniri
802 2797 1044 2870 posset,
1088 2790 1445 2852 cumulatis
1485 2789 1556 2850 in
1596 2807 1777 2869 aqua
1816 2788 2096 2851 sarcinis
2124 2790 2415 2869 insuper
2452 2791 2553 2852 in-

471 2891 883 2953 cumbebant
927 2897 1045 2953 aut
1088 2890 1546 2952 iumentorum
1589 2889 1823 2951 itinere
1869 2894 2011 2952 toto
2065 2896 2555 2969 prostratorum

475 2991 725 3070 passim
754 2992 978 3054 acervi
1010 2997 1298 3070 tantum,
1337 2991 1516 3070 quod
1548 2995 1802 3052 extaret
1832 3008 2035 3069 aqua,
2073 2991 2550 3070 quaerentibus

469 3092 558 3153 ad
602 3091 894 3171 quietem
935 3091 1126 3170 parvi
1163 3090 1483 3169 temporis
1521 3089 1975 3152 necessarium
2012 3091 2231 3153 cubile
2274 3091 2551 3155 dabant.

369 3211 440 3262 10
471 3194 623 3270 Ipse
671 3195 1039 3272 Hannibal,
1088 3211 1283 3272 aeger
1332 3191 1541 3253 oculis
1589 3210 1668 3252 ex
1716 3209 1924 3252 verna
1975 3190 2267 3269 primum
2304 3193 2558 3255 'intem-

521 3357 588 3401 ΙΙ.
647 3358 690 3402 1.
740 3357 934 3402 consul
980 3360 1067 3399 the
1092 3357 1466 3398 orthodoxcon-
1614 3355 1657 3398 5.
1714 3363 1825 3406 qua
1846 3386 1858 3399 .
1882 3385 1894 3398 .
1927 3386 1939 3399 .
1970 3353 2158 3399 duces:
2181 3356 2557 3406 “anywhere‚if

472 3424 570 3475 sul,
593 3424 852 3466 Servilius.
906 3426 1141 3470 dilectu:
1165 3423 1412 3464 :dileccu2’.
1560 3422 1679 3473 only
1710 3423 1845 3463 their
1860 3422 2039 3472 guides
2066 3423 2147 3464 led
2178 3423 2267 3464 the
2296 3427 2461 3476 way.”
2514 3426 2558 3466 A

523 3491 571 3535 2.
625 3491 817 3537 solito:
885 3494 1008 3533 used
1077 3491 1464 3542 substantively‚
1560 3490 1728 3530 clause
1756 3490 1808 3530 ot
1824 3489 2045 3541 proviso,

473 3559 648 3599 “more
665 3560 790 3601 than
809 3560 1011 3601 usual.’⁹
1612 3557 1659 3600 8.
1714 3556 1833 3600 ubi:
1859 3557 2021 3598 refers
2047 3560 2102 3598 to
2130 3555 2255 3597 nihil
2288 3558 2385 3598 and
2403 3557 2559 3599 intro-

525 3631 571 3674 3.
625 3628 841 3673 necubi:
897 3625 1087 3667 oze-cubi.
1155 3626 1260 3667 The
1312 3625 1468 3666 latter
1560 3623 2029 3673 ducesapotential
2054 3621 2355 3674 descriptive
2374 3625 2555 3666 clause.

405 3700 414 3706 ⁵
473 3704 592 3755 part
609 3699 663 3740 of
696 3699 784 3738 the
801 3693 1098 3746 compound‚
1122 3703 1188 3736 an
1205 3692 1469 3734 indefinite
1614 3691 1658 3734 9.
1714 3691 1958 3733 tantum:
2001 3689 2170 3740 object
2210 3692 2266 3731 of
2299 3693 2559 3741 quaerenti-

475 3768 676 3814 adverb‚
695 3763 926 3804 modifles
951 3760 1216 3803 consistere.
1563 3756 1659 3798 bus.
1714 3755 1853 3808 They
1878 3765 2009 3798 were
2034 3756 2261 3798 satisfled
2289 3757 2417 3799 with
2442 3767 2559 3809 any·

524 3837 574 3880 4.
630 3839 845 3884 cogere:
868 3833 953 3869 “to
984 3828 1131 3880 bring
1150 3829 1268 3878 up.”
1565 3825 1712 3874 thing
1730 3825 1849 3864 that
1866 3824 2012 3865 stood
2030 3825 2187 3864 above
2206 3825 2292 3864 the
2310 3827 2481 3865 water.
