2967 4384
519 260 594 312 42
1434 259 1499 312 τ.
1541 259 1708 314 1.1v1
2354 258 2513 325 [ιω.
2542 257 2611 310 15

419 443 487 494 15
522 429 753 507 ignoto
783 429 1008 492 adhuc
1045 428 1196 491 duci
1227 447 1350 491 suo
1381 429 1853 509 ignorantique
1885 430 2145 492 ducem.
2262 429 2367 490 An
2396 446 2503 491 me
2535 429 2607 490 in

528 529 862 607 praetorio
919 529 1150 607 patriS,
1204 528 1556 591 clarissimi
1608 529 2059 609 imperatoriS,
2117 546 2323 609 prope
2346 535 2610 608 natum,

521 634 697 690 certe
746 629 1090 707 eductum,
1144 629 1544 691 domitorem
1590 629 1961 709 Hispaniae
2011 629 2402 709 Galliaeque
2422 675 2439 707 ,
2473 629 2631 692 vic-'

520 734 736 790 torem
769 728 1063 790 eundem
1095 746 1234 789 non
1265 728 1669 807 Alpinarum
1702 728 1907 790 modo
1941 729 2246 807 gentium
2279 729 2399 791 sed
2430 729 2609 808 ipsa-

520 847 695 907 rum,
731 829 909 908 quod
939 828 1155 890 multo
1184 829 1406 891 maius
1433 835 1558 907 est,
1585 829 1884 907 Alpium,
1915 846 2071 890 cum
2100 830 2453 902 semenstri
2481 830 2609 892 hoc

412 931 487 985 16
519 929 866 991 conferam
923 929 1115 1007 duce,
1173 929 1507 991 desertore
1558 929 1889 992 exercitus
1940 929 2085 992 sui?
2176 930 2298 991 Cui
2349 929 2406 991 si
2460 930 2611 1009 quis

523 1029 811 1107 demptis
873 1029 1080 1107 signis
1143 1031 1402 1091 Poenos
1464 1029 1944 1109 Romanosque
2008 1028 2208 1091 hodie
2274 1028 2610 1108 ostendat,

517 1129 987 1207 ignoraturum
1025 1135 1285 1191 certum
1322 1128 1565 1208 habeo,
1604 1129 1821 1191 utrius
1859 1129 2187 1192 exercitus
2225 1130 2312 1191 sit
2350 1131 2605 1192 consul.

412 1232 484 1284 17
519 1229 667 1290 Non
714 1247 836 1308 ego
883 1230 1052 1291 illud
1106 1230 1299 1309 parvi
1347 1229 1655 1308 aestimo,
1704 1230 1974 1318 militeS,
2029 1231 2211 1310 quod
2257 1248 2459 1292 nemo
2507 1236 2609 1293 est

522 1336 842 1409 vestrum,
883 1330 1073 1392 cuius
1109 1348 1247 1392 non
1282 1336 1440 1392 ante
1479 1330 1709 1392 oculos
1744 1330 1889 1409 ipse
1925 1348 2126 1409 saepe
2162 1331 2451 1392 militare
2488 1330 2608 1392 ali-

523 1429 705 1510 quod
730 1429 1058 1491 ediderim
1079 1430 1370 1508 facinuS,
1399 1430 1508 1491 cui
1532 1447 1671 1491 non
1696 1428 1879 1491 idem
1904 1448 2027 1508 ego
2057 1430 2323 1492 virtutis
2348 1436 2607 1510 specta-

518 1535 624 1591 tor
678 1548 757 1592 ac
814 1531 1001 1610 testis
1057 1536 1292 1592 notata
1349 1529 1770 1608 temporibus
1825 1529 2127 1609 locisque
2182 1530 2427 1592 referre
2482 1547 2607 1592 sua

412 1649 484 1701 18
523 1631 772 1708 possim
809 1631 1070 1696 decora.
1165 1631 1335 1693 Cum
1364 1630 1661 1692 laudatis
1684 1648 1726 1691 a
1757 1647 1865 1692 me
1890 1629 2606 1710 miliensdonatisque,

517 1730 836 1792 alumnus
875 1729 1058 1808 prius
1094 1729 1416 1792 omnium
1439 1735 1741 1792 vestrum
1779 1747 1986 1809 quam
2019 1730 2412 1809 imperator,
2451 1722 2599 1809 pro-

517 1830 756 1892 cedam
780 1830 851 1890 in
877 1830 1094 1893 aciem
1118 1831 1446 1892 adversus
1471 1831 1739 1908 ignotos
1763 1829 1939 1892 inter
1964 1848 2033 1893 se
2060 1830 2603 1909 ignorantesque.

446 1945 480 1995 1
514 1930 742 1992 XLIV.
792 1931 1232 2009 Quocumque
1275 1930 1656 1992 circumtuli
1699 1932 1951 2009 oculos,
1998 1932 2195 2009 plena
2238 1931 2465 1992 omnia
2508 1929 2603 1992 yi-

521 2030 644 2091 deo
680 2030 1065 2092 animorum
1099 2048 1179 2092 ac
1214 2029 1498 2109 roboriS,
1540 2036 1937 2092 veteranum
1976 2031 2293 2109 peditem,
2328 2047 2603 2108 genero-

445 2146 482 2198 2
515 2129 936 2193 sissimarum
965 2130 1269 2208 gentium
1299 2131 1561 2209 equites
1588 2131 1890 2193 frenatos
1920 2131 2449 2210 infrenatosque,
2485 2147 2605 2192 vos

516 2231 732 2293 socios
780 2231 1206 2292 fidelissimos
1252 2231 1817 2310 fortissimosque,
1853 2249 1972 2293 vos
2022 2231 2598 2309 Carthaginienses

516 2331 672 2392 cum
719 2349 837 2409 pro
883 2331 1100 2410 patria
1142 2337 1290 2393 tum
1335 2332 1420 2392 ob
1464 2331 1639 2393 iram
1680 2330 2120 2393 iustissimam
2166 2336 2600 2409 pugnaturos.

446 2445 482 2496 3
515 2430 876 2493 Inferimus
916 2430 1168 2492 bellum
1202 2431 1601 2509 infestisque
1624 2429 1832 2508 signis
1860 2431 2328 2492 descendimus
2363 2430 2435 2491 in
2469 2431 2601 2491 Ita-

512 2531 699 2609 liam,
733 2536 924 2592 tanto
956 2531 1284 2593 audacius
1314 2531 1693 2610 fortiusque
1731 2530 2094 2609 pugnaturi
2131 2547 2337 2609 quam
2370 2530 2597 2608 hostiS,

518 2636 772 2710 quanto
824 2630 1041 2692 maior
1091 2649 1266 2709 speS,
1320 2631 1537 2691 maior
1588 2636 1688 2692 est
1738 2630 2009 2692 animus
2059 2629 2411 2691 inferentis
2466 2630 2602 2692 vim

444 2742 482 2792 4
520 2749 724 2810 quam
757 2730 1069 2793 arcentis,
1160 2731 1484 2793 Accendit
1524 2735 1866 2808 praeterea
1902 2735 1967 2791 et
2002 2729 2307 2813 stimulat
2339 2728 2603 2791 animos

566 2943 644 2986 15.
701 2941 1005 2987 desertore:
1033 2943 1192 2983 reters
1218 2944 1272 2983 to
1291 2943 1376 2982 the
1403 2941 1509 2982 fact

514 3011 629 3050 that
664 3009 833 3060 Scipio
868 3011 968 3050 had
1005 3012 1119 3050 sent
1152 3013 1208 3050 to
1235 3009 1394 3060 Spain
1423 3010 1510 3072 thg

514 3085 660 3126 army
677 3075 948 3126 originally
977 3076 1212 3126 assigned
1241 3076 1361 3116 him.
1417 3073 1509 3114 See

512 3143 574 3182 32.
595 3144 631 3182 3.
688 3142 819 3193 Livy
849 3143 1023 3183 makes
1053 3142 1311 3182 Hannibal
1336 3140 1508 3182 misin-

514 3209 828 3259 terpret·his
871 3210 1173 3259 opponent’s
1232 3211 1342 3249 acts
1380 3207 1436 3247 in
1479 3217 1510 3248 a

513 3284 724 3316 manner
751 3277 951 3326 worthy
977 3277 1030 3315 ot
1057 3285 1087 3315 a
1107 3274 1315 3315 modern
1336 3274 1511 3323 “spell-
1543 3314 1547 3321 ,

515 3343 740 3382 binder.”

565 3411 642 3452 16.
699 3409 912 3452 eertum
956 3408 1153 3452 habeo:
1195 3409 1252 3447 “1
1297 3417 1381 3448 am
1411 3418 1511 3448 cer-

514 3476 672 3517 tain.·’
725 3475 862 3515 More
917 3475 1205 3524 frequently
1244 3483 1332 3523 pro
1379 3474 1506 3514 certo

513 3542 668 3582 habeo.

566 3611 643 3654 17.
698 3608 883 3659 parvi:
913 3608 1137 3658 genitive
1169 3609 1222 3648 of
1247 3608 1510 3649 indefinite

513 3677 672 3717 value.

564 3745 642 3786 18.
699 3742 978 3786 alumnus:
1011 3741 1404 3783 “foster-child.”

563 3809 739 3849 XLIV,
787 3810 833 3851 2.
889 3796 1142 3853 frenatos
1168 3808 1505 3852 infrenatos-

514 3883 639 3927 que:
681 3875 767 3914 the
801 3874 955 3916 latter
987 3877 1146 3916 refers
1172 3875 1506 3926 particularly

1561 2943 1569 2949 '
1612 2943 1665 2980 to
1693 2939 1779 2980 the
1806 2938 2124 2980 Numidians.
2181 2939 2251 2980 ct.
2273 2939 2447 2989 Vergil
2465 2941 2603 2988 Aen..

1610 3007 1647 3046 4.
1686 3009 1769 3056 41„
1808 3007 2046 3048 Numidae
2086 3005 2283 3056 infreni.
2340 3008 2607 3048 Translate

1612 3076 1808 3126 “heavy
1827 3075 1925 3116 and
1944 3074 2126 3124 light.”
2190 3065 2193 3068 ’

1664 3142 1708 3186 3.
1767 3140 2061 3185 inferentis
2095 3139 2231 3184 vim:
2265 3143 2390 3183 “one
2424 3151 2491 3182 on
2518 3143 2606 3182 the

1611 3208 1897 3248 ostensive.”

1660 3275 1707 3317 4.
1750 3273 1908 3318 dolor
1928 3272 2141 3318 iniuria.
2153 3273 2484 3326 indignitas:
2505 3275 2607 3314 “in-

1611 3339 1877 3389 dignation
1918 3341 2101 3382 caused
2146 3342 2211 3392 by
2247 3342 2378 3392 griet
2413 3346 2469 3383 at
2508 3350 2605 3382 our

1612 3408 1863 3458 wrongs.”
1914 3407 2220 3458 Hendiadys.
2284 3417 2383 3452 vos
2396 3415 2602 3468 omnes:

1613 3483 1679 3513 an
1738 3475 2102 3524 exaggeration
2154 3475 2362 3515 natural
2405 3474 2604 3523 enough

1612 3541 1745 3580 from
1790 3541 1875 3581 the
1918 3542 2065 3592 point
2133 3541 2188 3580 ot
2236 3541 2365 3581 view
2416 3542 2469 3581 oi
2518 3542 2605 3582 the

1613 3607 1835 3656 speaker.
1888 3605 2343 3658 oppugnassetis:
2372 3607 2459 3646 the
2492 3607 2604 3646 sub-

1608 3671 1834 3722 :Junctive
1854 3673 1898 3712 is
1916 3673 2013 3712 due
2029 3677 2081 3712 to
2102 3675 2187 3712 the
2212 3673 2419 3722 implied
2438 3673 2603 3712 oratio

1610 3739 1824 3788 obliqua.
1888 3738 2125 3783 deditos:
2162 3737 2258 3777 :si
2296 3738 2445 3779 dediti
2488 3747 2605 3781 esso-

1608 3815 1723 3845 mus.
