2967 4384
387 229 506 286 xm.
535 230 631 299 21]
1170 229 1400 284 unna
1436 228 1700 285 xxvm
1864 282 1867 286 ,
2379 229 2483 284 145

391 403 462 466 P.
527 403 744 482 Scipio
813 403 1060 465 bellum
1121 403 1191 463 in
1249 402 1474 464 Africa
1535 408 1740 483 geret:
1817 402 2015 482 quid?
2102 402 2168 465 Si
2194 437 2276 445 —
2306 401 2483 481 quod

391 521 620 566 omnes
680 503 782 566 dei
837 520 1033 565 omen
1087 509 1394 566 avertant
1449 509 1514 564 et
1573 504 1784 566 dicere
1839 503 2043 565 etiam
2095 503 2522 564 reformidat-

389 604 675 683 animuS,
719 605 837 666 sed
883 621 1050 683 quae
1093 603 1475 666 acciderunt
1519 603 1815 666 accidere
1861 609 2136 683 possunt
2165 637 2246 645 —
2272 603 2484 665 victor

388 704 731 766 Hannibal
762 703 856 766 ire
888 704 978 765 ad
1007 703 1249 765 urbem
1284 709 1529 783 perget,
1562 710 1709 764 tum
1746 704 2016 764 demum
2045 709 2109 764 te
2144 704 2483 764 consulem

390 823 468 866 ex
532 803 779 880 Africa,
847 803 1017 866 sicut
1085 803 1158 883 Q.
1230 803 1543 864 Fulvium
1608 822 1650 865 a
1716 803 1969 882 Capua,
2037 805 2482 865 arcessemus?

388 903 589 966 XLII.
639 904 788 965 Non
823 910 1008 983 potes
1040 921 1122 964 ne
1155 903 1296 982 ipse
1334 903 1603 982 quidem
1627 902 2061 980 dissimulare,
2079 903 2198 964 ubi
2230 902 2481 964 Hanni-
2515 904 2587 955 16

393 1004 501 1066 bal
522 1003 629 1081 sit,
664 1003 757 1065 ibi
788 1009 991 1083 caput
1018 1008 1220 1082 atque
1243 1020 1465 1065 arcem
1492 1003 1692 1064 huius
1728 1003 1880 1066 belli
1916 1021 2077 1080 esse,
2103 1004 2346 1082 quippe
2371 1003 2482 1081 qui

392 1113 546 1184 prae
581 1111 644 1166 te
679 1104 854 1166 feras
887 1120 1037 1166 eam
1064 1103 1187 1165 tibi
1219 1120 1493 1165 causam
1520 1103 1867 1166 traiciendi
1896 1102 1966 1164 in
1992 1103 2286 1165 Africam
2318 1121 2480 1179 esse,

387 1211 462 1266 ut
493 1204 946 1266 Hannibalem
987 1221 1064 1265 eo
1100 1203 1353 1266 trahas:
1407 1203 1547 1266 sive
1585 1203 1692 1265 hic
1731 1203 1929 1283 igitur
1962 1203 2104 1264 sive
2139 1203 2293 1280 illic,
2327 1219 2482 1264 cum
2516 1218 2586 1269 17

388 1304 766 1366 Hannibale
833 1308 930 1366 est
994 1303 1118 1366 tibi
1181 1303 1408 1366 futura
1471 1321 1595 1365 reS.
1686 1303 1953 1364 Utrum.
1989 1303 2264 1364 tandem
2328 1321 2482 1382 ergo

387 1404 639 1466 firmior
683 1404 808 1466 eris
851 1405 923 1465 in
964 1403 1188 1465 Africa
1231 1405 1409 1465 solus
1453 1421 1543 1464 an
1584 1402 1691 1464 hic
1735 1409 1851 1464 tuo
1898 1404 2340 1482 conlegaeque
2384 1403 2484 1464 tui

389 1504 676 1566 exercitu
747 1503 1139 1565 coniuncto?
1225 1504 1318 1563 Ne
1391 1501 1707 1564 Claudius
1783 1503 2052 1580 quidem
2121 1509 2185 1564 et
2256 1502 2482 1565 Livius

389 1606 690 1666 consules
757 1611 900 1665 tam
964 1603 1211 1664 recenti
1278 1603 1603 1680 exemp10‚
1677 1608 2004 1681 quantum
2067 1603 2138 1664 id
2203 1602 2482 1680 intersit,

393 1705 790 1766 documento
845 1704 1039 1764 sunt?
1128 1701 1338 1781 Quid?
1425 1701 1878 1763 Hannibalem
1928 1707 2158 1764 utrum
2209 1702 2485 1764 tandem
2518 1709 2589 1760 18

389 1811 720 1866 extremus
764 1805 1047 1882 angulus
1091 1802 1232 1881 agri
1273 1801 1537 1878 Bruttii,
1583 1801 1829 1863 frustra
1870 1801 2008 1863 iam
2055 1802 2167 1863 diu
2214 1821 2487 1882 poscen-

387 1910 526 1965 tem
573 1903 662 1966 ab
717 1903 914 1965 domo
965 1902 1231 1980 auxilia,
1282 1921 1372 1964 an
1424 1901 1801 1981 propinqua
1850 1903 2179 1982 Carthago
2230 1909 2294 1964 et
2343 1910 2485 1965 tota

388 2002 567 2065 socia
613 2001 838 2064 Africa
889 2001 1327 2081 potentiorem
1374 2001 1577 2062 armis
1626 2000 1917 2079 virisque
1966 2001 2202 2064 faciet?
2291 2002 2484 2082 Quod
2518 2009 2589 2059 19

389 2103 569 2165 istud
598 2101 950 2164 consilium
977 2108 1096 2179 est,
1126 2101 1221 2162 ibi
1249 2103 1444 2162 malle
1480 2102 1845 2179 decernere,
1875 2101 1993 2163 ubi
2020 2109 2175 2164 tuae
2209 2103 2483 2165 dimidio

389 2202 678 2264 minores
747 2201 976 2281 copiae
1043 2201 1197 2278 sint,
1265 2201 1558 2263 hostium
1625 2201 1837 2263 multo
1903 2201 2208 2280 maiore3‚
2283 2220 2487 2281 quam

390 2303 507 2363 ubi
564 2301 825 2364 duobus
876 2301 1267 2363 exercitibus
1320 2303 1641 2363 adversus
1692 2319 1905 2362 unum
1955 2309 2053 2364 tot
2109 2302 2369 2380 proeliis
2422 2309 2485 2364 et

389 2409 531 2464 tam
582 2403 895 2464 diuturna
940 2421 1016 2464 ac
1064 2402 1252 2481 gravi
1272 2476 1276 2482 Ι
1298 2402 1536 2463 militia
1580 2401 1832 2463 fessum
1882 2403 2319 2481 pugnandum
2364 2402 2485 2464 sit?
2558 2397 2567 2407 '

391 2503 607 2583 Quam
649 2519 923 2580 compar
965 2501 1314 2564 consilium
1353 2508 1550 2563 tuum
1593 2502 1881 2581 parentis
1923 2502 2021 2562 tui
2064 2502 2335 2563 consilio
2377 2502 2483 2578 sit,
2517 2517 2590 2568 20

389 2609 648 2680 reputa.
739 2604 856 2664 Ille
880 2604 1110 2664 consul
1137 2602 1466 2680 profectus
1490 2602 1560 2662 in
1581 2602 2000 2680 Hispaniam,
2023 2608 2099 2663 ut
2120 2602 2485 2663 Hannibali
2567 2613 2575 2624 ·

391 2702 480 2763 ab
526 2702 808 2780 Alpibus
863 2702 1284 2765 descendenti
1333 2708 1722 2779 occurreret,
1772 2702 1843 2762 in
1892 2689 2157 2764 Italiam
2206 2721 2284 2764 ex
2337 2719 2486 2780 pro·
2562 2731 2566 2736 ·

393 2801 614 2864 vincia
653 2803 873 2864 rediit:
914 2810 1011 2881 tu,
1054 2821 1207 2866 cum
1246 2804 1587 2866 Hannibal
1628 2803 1697 2864 in
1734 2803 1929 2867 Italia
1968 2803 2073 2880 sit,
2116 2802 2483 2881 relinquere

391 2901 659 2964 Italiam
703 2921 920 2982 paraS,
964 2922 1099 2965 non
1148 2905 1302 2984 quia
1343 2904 1437 2966 rei
1483 2904 1785 2984 publicae
1828 2904 1899 2966 id
1939 2905 2121 2981 utile,
2166 2904 2283 2964 sed
2331 2903 2485 2982 quia
2518 2920 2589 2972 21

393 3001 514 3062 tibi
561 3003 866 3082 amplum
912 3009 976 3065 et
1024 3005 1385 3084 gloriosum
1431 3023 1657 3066 censes
1704 3023 1866 3081 esse,
1916 3004 2084 3066 sicut
2133 3021 2288 3065 cum
2338 3021 2486 3082 pro-

394 3103 614 3165 vincia
649 3110 713 3165 et
748 3103 1037 3165 exercitu
1071 3105 1296 3166 relicto
1331 3104 1471 3165 sine
1505 3105 1669 3184 lege,
1705 3104 1844 3166 sine
1880 3111 2147 3166 senatus
2183 3105 2483 3165 consulto

398 3202 656 3265 duabus
720 3203 1008 3265 navibus
1079 3204 1304 3282 populi
1368 3204 1656 3264 Romani
1721 3204 2080 3283 imperator
2142 3203 2484 3265 fortunam

445 3382 524 3426 13.
572 3381 626 3433 Q.
649 3380 928 3426 Fulvium:
946 3391 1026 3422 see
1043 3381 1104 3422 26.
1127 3381 1278 3432 Chap.
1299 3382 1336 3421 8.
1486 3391 1552 3422 sc.
1574 3382 1836 3422 exercitum.

442 3449 599 3489 XLII.
673 3449 752 3492 17.
807 3448 922 3492 hic:
968 3450 1168 3494 adverb,
1214 3448 1289 3489 i.e.
1336 3449 1390 3488 in
1536 3451 1615 3493 20.
1670 3448 1775 3493 ille
1795 3450 2191 3494 consulzseem.
2210 3451 2272 3490 32.
2293 3450 2330 3489 5.

394 3515 541 3566 Italy.
613 3513 881 3559 claudius
925 3514 986 3558 et
1026 3514 1216 3559 Livius
1260 3524 1389 3560 con-
1536 3517 1615 3559 21.
1670 3515 1955 3561 fortunam
1984 3547 1997 3560 .
2028 3547 2041 3560 .
2077 3547 2088 3560 .
2127 3515 2479 3561 commisistis

396 3581 568 3625 sulen:
623 3591 704 3622 see
753 3583 816 3622 27.
854 3581 986 3620 43-51.
1041 3580 1388 3626 documento:
1485 3592 1516 3622 a.
1534 3591 1655 3631 year
1671 3583 1909 3632 previous
1945 3582 2115 3633 Scipio
2128 3584 2327 3623 crossed
2348 3584 2481 3622 from

397 3657 476 3688 see
491 3649 554 3688 26.
576 3650 612 3687 5.
628 3649 664 3688 2.
737 3649 786 3688 It
804 3648 849 3688 is
866 3648 1133 3700 explained
1151 3649 1216 3698 by
1244 3657 1389 3698 quan·
1485 3647 1644 3698 Spain
1672 3653 1725 3688 to
1754 3649 1928 3690 Atrion
1959 3653 2014 3689 to
2042 3649 2145 3689 win
2180 3649 2266 3689 the
2299 3649 2481 3688 friend·

395 3713 494 3753 tum
521 3743 532 3754 .
562 3743 573 3754 .
603 3743 615 3754 .
644 3714 846 3754 intersit.
1483 3715 1600 3765 ship
1634 3716 1732 3756 and
1778 3715 1991 3757 ailianae
2020 3717 2074 3755 ot
2118 3716 2203 3755 the
2236 3715 2483 3765 powertul

447 3782 526 3824 19.
580 3780 833 3824 dimidio:
852 3782 1074 3822 ablativo
1087 3782 1142 3822 of
1158 3790 1390 3822 measure
1483 3781 1761 3823 Numidiam
1786 3782 1926 3832 king,
1969 3780 2176 3832 Syphax
2216 3782 2484 3833 (Chapters

335 3857 342 3863 ·
395 3847 449 3888 ot
482 3847 756 3888 dfflerence.
828 3857 998 3893 unum
1026 3880 1038 3893 .
1070 3879 1082 3893 .
1114 3880 1127 3894 .
1158 3848 1386 3892 fessum:
1485 3848 1630 3898 17-19).
