2967 4384
393 269 535 322 xliv.
564 271 654 336 ιε]
1179 267 1409 322 mna
1446 263 1709 322 xxvm
2390 268 2496 320 149

397 439 653 516 traicio,
693 440 856 500 dum
888 455 1149 517 expono
1184 438 1545 500 exercitum
1577 437 1647 498 in
1679 437 1924 514 Africa,
1964 438 2126 498 dum
2159 442 2375 498 castra
2408 438 2497 498 ad

403 538 873 618 Carthaginem
951 554 1333 617 promoveo,
1410 555 1515 599 res
1594 537 1860 616 publica
1934 537 2042 598 hic
2123 537 2497 598 detrimenti

402 638 646 716 capiat,
714 639 894 716 quod
953 645 1050 715 tu,
1113 638 1188 716 Q.
1252 638 1437 715 Fabi,
1502 654 1657 698 cum
1718 637 1930 699 victor
1988 643 2131 698 tota
2192 637 2497 699 volitaret

400 738 596 799 Italia
645 737 1009 815 Hannibal,
1080 737 1350 816 potuisti
1420 743 1774 815 praestare,
1826 737 1952 798 hoc
2005 737 2158 798 vide
2207 755 2290 798 ne
2342 755 2499 798 con·
2534 743 2601 793 11

400 837 832 900 tumeliosum
867 837 951 898 sit
990 853 1308 898 concusso
1346 836 1483 898 iam
1520 842 1585 898 et
1626 855 1832 916 paene
1870 837 2082 898 fracto
2119 837 2497 898 Hannibale

403 955 641 1017 negare
684 954 871 1016 posse
909 937 980 999 P.
1019 937 1347 998 Licinium
1382 938 1744 1014 consulem,
1783 937 2004 998 virum
2037 936 2497 1013 fortissimum,

407 1042 761 1115 praestare,
805 1017 938 1114 q'ui,
976 1053 1058 1097 ne
1098 1054 1139 1097 a
1176 1036 1378 1097 sacris
1414 1036 1589 1098 absit
1629 1036 1923 1115 pontifex
1958 1036 2312 1114 maximuS,
2349 1037 2499 1098 ideo

404 1137 474 1197 in
534 1143 780 1198 sortem
839 1142 981 1197 tam
1040 1137 1444 1215 longinquae
1509 1137 1886 1215 provinciae
1947 1153 2083 1196 non
2143 1137 2345 1211 venit.
2435 1135 2500 1197 Si

404 1236 704 1297 hercules
761 1235 968 1296 nihilo
1025 1235 1351 1297 maturius
1406 1237 1557 1313 hoc,
1618 1252 1749 1314 quo
1806 1253 1925 1316 ego
1984 1253 2240 1313 censeo,
2297 1237 2499 1297 modo
2536 1245 2607 1295 12

409 1336 829 1415 perficeretur
861 1335 1129 1413 bellum,
1159 1341 1386 1396 tamen
1415 1336 1504 1396 ad
1538 1335 1926 1415 dignitatem
1958 1335 2184 1413 populi
2213 1336 2500 1398 Romani

404 1435 791 1513 famamque
848 1435 1032 1513 apud
1088 1452 1273 1515 reges
1328 1440 1687 1514 gentesque
1746 1440 2049 1496 externas
2107 1435 2500 1514 pertinebat,

406 1550 543 1595 non
590 1535 679 1596 ad
733 1535 1221 1596 defendendam
1268 1536 1470 1596 modo
1520 1534 1807 1612 Italiam,
1856 1535 1974 1596 sed
2020 1535 2110 1596 ad
2157 1535 2502 1596 inferenda

406 1634 611 1695 etiam
648 1634 911 1695 Africae
952 1651 1140 1696 arma
1183 1633 1392 1695 videri
1433 1634 1627 1695 nobis
1668 1634 1971 1695 animum
2011 1651 2172 1710 esse,
2215 1652 2335 1695 nec
2376 1635 2502 1696 hoc
2539 1644 2608 1696 13

406 1734 586 1794 credi
642 1733 1055 1812 vulgarique,
1115 1735 1293 1811 quod
1344 1734 1685 1794 Hannibal
1737 1750 1940 1794 ausus
2008 1734 2114 1811 sit,
2167 1735 2504 1795 neminem

412 1834 650 1895 ducem
695 1834 1080 1894 Romanum
1125 1834 1393 1911 audere,
1442 1839 1507 1894 et
1557 1833 1769 1911 priore
1816 1833 2065 1894 Punico
2118 1834 2287 1895 bello
2334 1841 2502 1912 tum,

409 1949 565 1994 cum
623 1934 700 1994 de
758 1931 977 1994 Sicilia
1033 1939 1416 2010 certaretur,
1472 1933 1715 1994 totiens
1769 1933 2066 1994 Africam
2120 1934 2208 1995 ab
2263 1935 2505 1996 nostris

406 2033 934 2111 exercitibusque
978 2038 1043 2094 et
1087 2033 1408 2094 classibus
1453 2039 1933 2111 oppugnatam,
1978 2051 2179 2110 nunc,
2224 2050 2380 2094 cum
2425 2035 2501 2096 de

406 2132 599 2194 Italia
651 2139 957 2210 certetur,
1002 2133 1297 2194 Africam
1341 2139 1651 2211 pacatam
1681 2151 1841 2195 esse.
1934 2133 2333 2211 Requiescat
2385 2135 2504 2196 ali-
2541 2137 2613 2187 14

413 2234 680 2311 quando
732 2238 972 2295 vexata
1022 2240 1163 2294 ‘iam
1216 2233 1328 2295 diu
1377 2233 1596 2311 Italia,
1632 2239 1868 2294 uratur
1916 2239 2384 2313 evasteturque
2434 2236 2504 2295 in
2538 2239 2608 2290 15

409 2332 624 2394 vicem
667 2333 920 2408 Africa3
968 2338 1184 2394 castra
1231 2334 1538 2394 Romana
1585 2334 1802 2411 potius
1843 2334 2259 2414 Carthaginis
2300 2335 2504 2415 portis

406 2432 819 2510 immineant,
861 2449 1063 2511 quam
1096 2450 1218 2494 nos
1251 2433 1494 2494 iterum
1527 2434 1782 2494 vallum
1813 2433 2107 2495 hostium
2140 2453 2219 2497 ex
2252 2437 2504 2496 moeni-

412 2531 532 2592 bus
567 2533 808 2594 nostris
848 2533 1225 2609 videamus3
1260 2533 1482 2593 Africa
1520 2533 1604 2594 sit
1640 2533 1877 2611 reliqui
1918 2533 2069 2594 belli
2106 2535 2315 2612 sedes,
2346 2535 2500 2596 illuc

405 2637 614 2693 terror
661 2632 978 2711 fugaque,
1036 2633 1376 2711 populatio
1427 2649 1762 2712 agrorum,
1818 2633 2097 2694 defectio
2147 2634 2499 2710 sociorum,

355 2715 362 2722 ’
407 2736 659 2792 ceterae
724 2731 875 2792 belli
939 2734 1181 2809 clades,
1250 2750 1415 2811 quae
1477 2733 1548 2793 in
1608 2749 1729 2793 nos
1793 2749 1908 2810 per
1971 2734 2501 2810 quattuordecim

406 2847 616 2892 annos
668 2830 1081 2910 ingruerunt,
1138 2838 1502 2894 vertantur.
1593 2832 1774 2910 Quae
1828 2833 1917 2893 ad
1968 2848 2109 2892 rem
2165 2833 2502 2911 publicam
2538 2838 2609 2890 16

409 2931 735 3009 pertinent
767 2937 867 2995 ,et
940 2933 1207 3009 bellum,
1281 2933 1459 3011 quod
1525 2931 1750 3010 instat,
1819 2937 1883 2992 et
1953 2932 2349 3011 provinciaS,
2422 2936 2499 2996 de

410 3030 649 3108 quibus
689 3031 928 3110 agitur,
974 3032 1209 3093 dixisse
1251 3032 1409 3092 satis
1448 3037 1575 3108 est3
1612 3032 1727 3092 illa
1764 3034 1963 3111 longa
2004 3033 2212 3094 oratio
2252 3051 2372 3095 nec
2412 3036 2500 3096 ad
2534 3041 2605 3092 17

407 3147 525 3190 vos
570 3131 901 3209 pertinens
956 3131 1062 3207 sit,
1105 3132 1181 3208 si,
1228 3148 1426 3210 quem
1465 3133 1554 3194 ad
1593 3133 1872 3193 modum
1913 3133 1987 3211 Q.
2031 3133 2276 3194 Fabius
2316 3150 2499 3196 meas

349 3243 354 3253 ·
405 3247 507 3290 res
549 3235 766 3309 gestas
809 3231 879 3291 in
920 3230 1247 3308 Hispania
1291 3232 1601 3309 elevavit,
1645 3232 1737 3292 sic
1781 3249 1901 3310 ego
1946 3238 2177 3295 contra
2219 3235 2498 3312 gloriam

406 3329 545 3392 eius
584 3331 847 3391 eludere
889 3335 952 3391 et
992 3347 1214 3391 meam
1254 3330 1474 3392 verbis
1515 3333 1820 3393 extollere
1864 3332 2085 3395 velim.
2174 3334 2497 3394 Neutrum
2532 3335 2604 3387 18

405 3429 671 3507 faciam,
721 3435 938 3507 patres
982 3430 1357 3508 conscripti,
1403 3436 1491 3508 et,
1535 3430 1590 3492 si
1634 3432 1818 3492 nulla
1860 3431 1992 3493 alia
2035 3450 2127 3510 re,
2171 3435 2499 3495 modestia

455 3677 533 3720 10-
589 3684 658 3720 ΒΘ
680 3707 691 3720 -
716 3707 728 3720 -
749 3707 760 3720 -
783 3675 996 3726 capiat:
1013 3675 1179 3724 object
1193 3677 1247 3716 01'
1261 3684 1399 3724 poue
1546 3677 1625 3720 11.
1679 3676 1731 3721 P.
1754 3675 2047 3722 Licinium:
2077 3687 2158 3719 see
2172 3683 2291 3720 note
2312 3684 2364 3720 to
2382 3681 2443 3722 4ο.
2463 3681 2495 3722 ι.

399 3741 645 3790 praestare
662 3743 767 3791 (ll).
820 3743 883 3783 In
915 3742 1207 3792 apposltlon
1238 3743 1283 3782 is
1315 3744 1400 3782 the
1546 3744 1625 3787 12.
1685 3751 1812 3794 quo:
1857 3755 1922 3784 sc.
1960 3744 2116 3784 modo.
2172 3755 2389 3792 censeo:
2428 3758 2492 3790 sc.

404 3809 615 3850 relative
647 3809 830 3854 clause.
876 3808 1002 3860 quod
1031 3807 1235 3858 potuisti
1265 3817 1402 3858 prae·
1497 3808 1668 3850 bellum
1682 3809 2033 3858 pensiciendum.

403 3874 541 3918 ctare.
1551 3877 1630 3921 13.
1685 3877 1915 3920 totiens:
1938 3887 2019 3918 see
2033 3882 2152 3919 note
2172 3883 2225 3920 to
2242 3880 2304 3921 21.
2323 3881 2383 3920 53.
2406 3883 2443 3921 5.
