2967 4384
400 253 628 320 xuv.1]
1185 253 1416 308 mm
1451 252 1715 306 xxvm
2394 252 2501 305 14⁷

401 424 520 486 sed
561 424 657 485 rei
705 423 1008 502 publicae
1053 428 1118 485 et
1167 441 1372 503 paene
1421 423 1635 484 omnis
1680 422 1935 502 generis
1979 422 2258 484 humani
2308 422 2503 484 detri-

403 530 707 585 mentum
753 523 858 586 sit.
949 523 1536 600 Commemoravit,
1591 528 1919 601 quantum
1966 538 2179 583 essem
2230 521 2503 600 periculi
2536 526 2572 578 9

405 623 729 700 adituruS,
787 623 843 684 si
899 622 970 682 in
1023 623 1321 684 Africam
1373 623 1743 699 traicerem,
1799 628 1876 684 ut
1933 638 2155 682 meam
2216 639 2502 700 quoque,

404 740 541 783 non
596 723 816 784 solum
871 722 967 784 rei
1028 721 1330 801 publicae
1389 727 1454 783 et
1512 721 1835 783 exercitus
1893 721 2111 784 vicem
2168 720 2506 782 videretur

405 822 744 886 sollicitus,
836 821 1027 884 Unde
1099 822 1262 884 haec
1333 827 1603 901 repente
1681 823 1759 883 de
1830 838 1935 883 me
2008 840 2169 883 cura
2240 822 2505 884 exorta?
2540 822 2611 874 10

405 923 575 983 Cum
609 929 795 1000 pater
830 927 1240 1000 patruusque
1293 939 1482 983 meus
1529 920 1878 998 interfecti,
1910 938 2067 982 cum
2100 921 2230 983 duo
2261 920 2507 982 exerci-

404 1028 513 1083 tus
551 1037 784 1083 eorum
838 1038 1042 1101 prope
1096 1020 1433 1082 occidione
1494 1021 1690 1082 occisi
1731 1027 1968 1099 essent,
2012 1037 2168 1082 cum
2224 1020 2507 1082 amissae

407 1121 793 1201 Hispaniae,
839 1138 996 1183 cum
1043 1127 1358 1199 quattuor
1405 1121 1726 1182 exercitus
1758 1121 2133 1182 Poenorum
2167 1126 2509 1199 quattuor-

413 1238 537 1299 que
584 1222 782 1283 duces
824 1219 1050 1282 omnia
1090 1227 1274 1282 metu
1315 1219 1651 1298 armisque
1692 1225 2013 1297 tenerent,
2051 1236 2207 1281 cum
2252 1219 2508 1298 quaesi·
2542 1224 2610 1274 11

409 1327 518 1382 tus
557 1321 647 1382 ad
685 1319 756 1381 id
800 1320 1049 1382 bellum
1086 1320 1448 1399 imperator
1485 1337 1686 1381 nemo
1725 1338 1793 1382 se
1835 1319 2208 1382 ostenderet
2253 1326 2510 1398 praeter

411 1439 539 1499 me,
581 1437 780 1482 nemo
824 1420 1114 1499 profiteri
1153 1437 1400 1481 nomen
1439 1437 1643 1481 ausus
1683 1425 1873 1496 esset,
1916 1437 2071 1480 cum
2109 1418 2275 1480 mihi
2320 1425 2509 1497 quat-

408 1525 561 1581 tuor
601 1524 667 1581 et
709 1519 946 1599 viginti
986 1537 1199 1582 annos
1239 1525 1399 1581 nato
1447 1519 1785 1581 detulisset
1825 1519 2182 1598 imperium
2225 1519 2509 1597 populus

408 1621 780 1697 RomanuS,
855 1619 1015 1698 quid
1084 1619 1179 1682 ita
1245 1624 1393 1681 tum
1458 1636 1657 1681 nemo
1725 1625 2014 1680 aetatem
2079 1636 2323 1695 meam,
2372 1619 2511 1680 vim
2545 1624 2616 1676 12

410 1719 730 1798 hostium,
784 1719 1241 1782 difficultatem
1293 1719 1467 1796 belli,
1523 1718 1728 1798 patris
1780 1718 2129 1798 patruique
2179 1724 2512 1780 recentem

414 1819 678 1881 cladem
719 1819 1325 1880 commemorabat?
1413 1819 1655 1880 Utrum
1696 1817 1910 1879 maior
1951 1817 2179 1896 aliqua
2220 1836 2397 1880 nunc
2441 1819 2511 1879 in

411 1919 637 1981 Africa
690 1918 1036 1981 calamitas
1089 1923 1364 1997 accepta
1416 1923 1537 1996 est,
1596 1935 1799 1996 quam
1850 1923 2009 1979 tunc
2062 1918 2133 1979 in
2185 1919 2512 1997 Hispania

412 2019 592 2080 erat?
679 2019 784 2078 An
845 2018 1130 2080 maiores
1189 2035 1368 2079 nunc
1431 2023 1590 2080 sunt
1649 2018 1971 2080 exercitus
2032 2018 2102 2078 in
2162 2019 2386 2081 Africa
2447 2026 2511 2081 et
2546 2027 2616 2078 13

421 2121 620 2180 duces
698 2117 916 2196 plures
991 2117 1450 2197 melioresque,
1532 2135 1734 2197 quam
1806 2124 1966 2179 tunc
2040 2118 2111 2179 in
2184 2119 2511 2197 Hispania

412 2218 721 2279 fuerunt?
893 2218 1000 2278 An
1039 2223 1224 2280 aetas
1262 2235 1413 2280 mea
1450 2223 1611 2279 tunc
1650 2217 1973 2280 maturior
2015 2217 2184 2280 bello
2223 2220 2510 2299 gerendo

412 2317 561 2395 fuit,
617 2335 821 2397 quam
867 2334 1045 2379 nunc
1095 2318 1231 2379 est?
1337 2319 1442 2378 An
1502 2335 1657 2378 cum
1725 2317 2253 2397 Carthaginiensi
2322 2319 2509 2380 hoste
2546 2328 2617 2380 14

414 2417 485 2478 in
540 2416 870 2495 Hispania
932 2434 1134 2496 quam
1189 2417 1260 2478 in
1314 2416 1541 2479 Africa
1600 2417 1848 2478 bellum
1901 2418 2039 2497 geri
2096 2418 2317 2497 aptius
2374 2420 2510 2480 est?

419 2517 630 2580 Facile
703 2523 799 2578 est
872 2523 1018 2594 post
1085 2517 1270 2578 fusos
1337 2517 1735 2596 fugatosque
1811 2523 2123 2596 quattuor
2190 2518 2509 2580 exercitus

415 2616 722 2694 PunicoS‚
768 2622 914 2695 post
954 2622 1053 2678 tot
1092 2616 1290 2678 urbes
1331 2617 1399 2677 vi
1440 2623 1671 2694 captas
1711 2623 1827 2679 aut
1868 2624 2051 2679 metu
2090 2618 2401 2682 subactas
2440 2619 2511 2681 in

420 2716 768 2793 dicionem,
828 2721 976 2795 post
1035 2715 1406 2795 perdomita
1461 2716 1687 2777 omnia
1739 2733 1950 2795 usque
2006 2718 2094 2778 ad
2149 2719 2508 2799 Oceanum,
2544 2731 2613 2782 15

413 2821 514 2878 tot
551 2817 833 2894 regulos,
871 2822 970 2877 tot
1007 2834 1242 2878 saevas
1279 2822 1528 2894 genteS,
1572 2823 1717 2895 post
1746 2824 2084 2895 receptam
2114 2825 2327 2880 totam
2356 2819 2511 2882 His-

420 2914 689 2994 paniam
751 2913 866 2993 ita,
926 2922 1000 2976 ut
1053 2915 1408 2994 vestigium
1469 2914 1620 2976 beni
1682 2917 1944 2977 nullum
2008 2918 2125 2978 reli
2133 2936 2340 2997 quum
2403 2921 2507 2998 sit,

418 3017 674 3076 elevare
725 3031 908 3076 meas
955 3032 1058 3076 res
1106 3021 1345 3094 gestaS,
1392 3021 1538 3076 tam
1582 3015 1869 3092 hercule,
1923 3033 2147 3095 quam,
2196 3018 2251 3080 si
2300 3020 2511 3081 victor

419 3133 498 3177 ex
529 3113 753 3175 Africa
788 3113 1118 3191 redierim,
1155 3132 1234 3175 ea
1266 3115 1414 3192 ipsa
1447 3115 1729 3193 elevare,
1770 3132 1937 3193 quae
1972 3134 2150 3178 nunc
2185 3119 2510 3181 retinendi
2545 3123 2617 3174 16

419 3214 549 3276 mei
609 3230 832 3291 causa,
891 3219 966 3274 ut
1022 3213 1340 3275 terribilia
1397 3213 1634 3275 eadem
1691 3214 2066 3294 videantur,
2127 3217 2345 3280 verbis
2403 3237 2512 3281 ex-

419 3315 764 3375 tolluntur.

588 3413 812 3473 XLIV.
867 3412 995 3474 Sed
1051 3413 1209 3492 quid
1260 3414 1435 3474 ultro
1485 3419 1743 3476 metum
1791 3413 2032 3477 inferre
2083 3417 2257 3478 hosti
2306 3424 2371 3479 et
2422 3418 2508 3479 ab
2546 3425 2578 3475 1

471 3594 516 3637 9.
570 3599 770 3637 meam:
821 3600 889 3633 sc.
944 3590 1110 3641 vicem,-
1159 3593 1271 3632 “tor
1329 3601 1416 3642 my
1565 3594 1643 3638 15.
1700 3594 2398 3649 elevare:·‘tod1sparage.”

419 3659 588 3701 sake.”
656 3658 856 3704 vicem:
911 3658 1200 3700 accusativo
1250 3659 1305 3700 ot
1345 3667 1416 3699 re·
1563 3660 1641 3705 16.
1697 3660 1943 3707 elevare:
1974 3672 2038 3703 sc.
2058 3662 2213 3712 facile
2232 3665 2305 3704 sit.

422 3729 572 3776 spect.
1564 3727 1739 3767 xmv.
1800 3730 1844 3771 1.
1916 3727 2137 3780 inferre.
2210 3729 2507 3777 adducere:

472 3794 550 3837 10.
605 3791 889 3836 occidione
909 3791 1101 3837 occisi:
1123 3803 1203 3834 see
1221 3794 1280 3833 22.
1298 3794 1360 3833 54.
1376 3795 1412 3834 7.
1512 3794 1736 3841 subjects
1750 3796 1802 3834 ot
1814 3793 1953 3844 quale
1965 3795 2040 3835 sit.
2088 3805 2167 3840 se:
2184 3800 2342 3839 refers
2356 3803 2408 3838 to
2424 3801 2509 3839 the

473 3859 551 3904 u.
606 3859 863 3911 profiteri
880 3867 1099 3904 nomen:
1121 3869 1202 3902 see
1219 3861 1279 3902 26.
1301 3861 1359 3900 18.
1377 3862 1412 3900 4.
1512 3861 1775 3902 indefinite
1793 3861 1993 3912 subject
2020 3864 2075 3904 ot
2094 3864 2181 3905 the
2198 3863 2464 3908 infinitivo.
