<?xml version="1.0" encoding="UTF-8"?>
<!DOCTYPE html PUBLIC "-//W3C//DTD XHTML 1.0 Transitional//EN"
    "http://www.w3.org/TR/xhtml1/DTD/xhtml1-transitional.dtd">
<html xmlns="http://www.w3.org/1999/xhtml" xml:lang="en" lang="en">
 <head>
  <title>
</title>
<meta http-equiv="Content-Type" content="text/html;charset=utf-8" />
  <meta name='ocr-system' content='tesseract 3.04.00' />
  <meta name='ocr-capabilities' content='ocr_page ocr_carea ocr_par ocr_line ocrx_word'/>
</head>
<body>
  <div class='ocr_page' id='page_1' title='image "./livywarwithhann00livygoog_0065.png"; bbox 0 0 2967 4384; ppageno 0'>
   <div class='ocr_carea' id='block_1_1' title="bbox 303 253 2400 345">
    <p class='ocr_par' dir='ltr' id='par_1_1' title="bbox 303 253 2400 345">
     <span class='ocr_line' id='line_1_1' title="bbox 303 253 2400 345; baseline -0.001 -27"><span class='ocrx_word' id='word_1_1' title='bbox 303 257 471 331; x_wconf 71' lang='lat' dir='ltr'><strong>1v.⁷]</strong></span> <span class='ocrx_word' id='word_1_2' title='bbox 1133 253 1366 316; x_wconf 68' lang='lat' dir='ltr'><strong>mna</strong></span> <span class='ocrx_word' id='word_1_3' title='bbox 1398 254 1576 316; x_wconf 80' lang='lat' dir='ltr'><strong>xxn</strong></span> <span class='ocrx_word' id='word_1_4' title='bbox 1600 323 1621 345; x_wconf 34' lang='lat'><strong>⁶</strong></span> <span class='ocrx_word' id='word_1_5' title='bbox 1945 323 1949 326; x_wconf 63' lang='grc'>,</span> <span class='ocrx_word' id='word_1_6' title='bbox 2328 257 2400 316; x_wconf 73' lang='grc' dir='ltr'><strong>ω</strong></span> 
     </span>
    </p>
   </div>
   <div class='ocr_carea' id='block_1_2' title="bbox 307 433 2481 3311">
    <p class='ocr_par' dir='ltr' id='par_1_2' title="bbox 307 433 2471 1699">
     <span class='ocr_line' id='line_1_2' title="bbox 481 433 2466 515; baseline 0.001 -17"><span class='ocrx_word' id='word_1_7' title='bbox 481 437 594 498; x_wconf 91' lang='lat' dir='ltr'><strong>IV.</strong></span> <span class='ocrx_word' id='word_1_8' title='bbox 641 436 989 498; x_wconf 80' lang='lat' dir='ltr'><strong>Hannibal</strong></span> <span class='ocrx_word' id='word_1_9' title='bbox 1028 434 1210 514; x_wconf 92' lang='lat' dir='ltr'><strong>quod</strong></span> <span class='ocrx_word' id='word_1_10' title='bbox 1243 434 1386 515; x_wconf 89' lang='lat' dir='ltr'><strong>agri</strong></span> <span class='ocrx_word' id='word_1_11' title='bbox 1420 441 1521 496; x_wconf 91' lang='lat' dir='ltr'><strong>est</strong></span> <span class='ocrx_word' id='word_1_12' title='bbox 1553 433 1728 497; x_wconf 91' lang='lat' dir='ltr'><strong>inter</strong></span> <span class='ocrx_word' id='word_1_13' title='bbox 1762 435 2129 496; x_wconf 83' lang='lat' dir='ltr'><strong>Cortonam</strong></span> <span class='ocrx_word' id='word_1_14' title='bbox 2160 434 2402 496; x_wconf 91' lang='lat' dir='ltr'><strong>urbem</strong></span> <span class='ocrx_word' id='word_1_15' title='bbox 2434 449 2466 499; x_wconf 83' lang='lat'>1</span> 
     </span>
     <span class='ocr_line' id='line_1_3' title="bbox 307 529 2399 615; baseline -0.001 -17"><span class='ocrx_word' id='word_1_16' title='bbox 307 537 982 615; x_wconf 85' lang='lat' dir='ltr'>Trasumennumque</span> <span class='ocrx_word' id='word_1_17' title='bbox 1043 537 1271 597; x_wconf 89' lang='lat' dir='ltr'><strong>lacum</strong></span> <span class='ocrx_word' id='word_1_18' title='bbox 1332 534 1517 597; x_wconf 91' lang='lat' dir='ltr'><strong>omni</strong></span> <span class='ocrx_word' id='word_1_19' title='bbox 1579 535 1769 596; x_wconf 91' lang='lat' dir='ltr'><strong>clade</strong></span> <span class='ocrx_word' id='word_1_20' title='bbox 1827 529 1983 596; x_wconf 88' lang='lat' dir='ltr'><strong>belli</strong></span> <span class='ocrx_word' id='word_1_21' title='bbox 2031 539 2399 613; x_wconf 88' lang='lat' dir='ltr'><strong>pervastat,</strong></span> 
     </span>
     <span class='ocr_line' id='line_1_4' title="bbox 313 632 2401 717; baseline -0.001 -18"><span class='ocrx_word' id='word_1_22' title='bbox 313 655 446 717; x_wconf 95' lang='lat' dir='ltr'><strong>quo</strong></span> <span class='ocrx_word' id='word_1_23' title='bbox 479 635 696 717; x_wconf 91' lang='lat' dir='ltr'><strong>magis</strong></span> <span class='ocrx_word' id='word_1_24' title='bbox 727 636 902 698; x_wconf 88' lang='lat' dir='ltr'><strong>iram</strong></span> <span class='ocrx_word' id='word_1_25' title='bbox 933 634 1112 698; x_wconf 90' lang='lat' dir='ltr'><strong>hosti</strong></span> <span class='ocrx_word' id='word_1_26' title='bbox 1145 635 1232 697; x_wconf 92' lang='lat' dir='ltr'><strong>ad</strong></span> <span class='ocrx_word' id='word_1_27' title='bbox 1268 634 1717 698; x_wconf 88' lang='lat' dir='ltr'><strong>vindicandas</strong></span> <span class='ocrx_word' id='word_1_28' title='bbox 1750 634 2088 696; x_wconf 90' lang='lat' dir='ltr'><strong>sociorum</strong></span> <span class='ocrx_word' id='word_1_29' title='bbox 2121 632 2401 696; x_wconf 90' lang='lat' dir='ltr'><strong>iniurias</strong></span> 
     </span>
     <span class='ocr_line' id='line_1_5' title="bbox 307 734 2471 814; baseline -0.001 -15"><span class='ocrx_word' id='word_1_30' title='bbox 307 742 533 800; x_wconf 88' lang='lat' dir='ltr'><strong>acuat.</strong></span> <span class='ocrx_word' id='word_1_31' title='bbox 624 737 710 798; x_wconf 91' lang='lat' dir='ltr'><strong>Et</strong></span> <span class='ocrx_word' id='word_1_32' title='bbox 756 735 898 798; x_wconf 89' lang='lat' dir='ltr'><strong>iam</strong></span> <span class='ocrx_word' id='word_1_33' title='bbox 950 741 1346 814; x_wconf 84' lang='lat' dir='ltr'><strong>pervenerat</strong></span> <span class='ocrx_word' id='word_1_34' title='bbox 1397 735 1484 797; x_wconf 91' lang='lat' dir='ltr'><strong>ad</strong></span> <span class='ocrx_word' id='word_1_35' title='bbox 1534 736 1685 797; x_wconf 88' lang='lat' dir='ltr'><strong>loca</strong></span> <span class='ocrx_word' id='word_1_36' title='bbox 1733 741 1897 797; x_wconf 88' lang='lat' dir='ltr'><strong>nata</strong></span> <span class='ocrx_word' id='word_1_37' title='bbox 1945 734 2231 813; x_wconf 90' lang='lat' dir='ltr'><strong>insidiis,</strong></span> <span class='ocrx_word' id='word_1_38' title='bbox 2283 735 2403 796; x_wconf 93' lang='lat' dir='ltr'><strong>ubi</strong></span> <span class='ocrx_word' id='word_1_39' title='bbox 2435 745 2471 796; x_wconf 85' lang='lat'><strong>2</strong></span> 
     </span>
     <span class='ocr_line' id='line_1_6' title="bbox 308 834 2404 900; baseline -0.001 -1"><span class='ocrx_word' id='word_1_40' title='bbox 308 837 601 900; x_wconf 83' lang='lat' dir='ltr'><strong>maxime</strong></span> <span class='ocrx_word' id='word_1_41' title='bbox 644 841 910 898; x_wconf 89' lang='lat' dir='ltr'><strong>montes</strong></span> <span class='ocrx_word' id='word_1_42' title='bbox 951 835 1395 898; x_wconf 85' lang='lat' dir='ltr'><strong>Cortonenses</strong></span> <span class='ocrx_word' id='word_1_43' title='bbox 1437 836 1939 897; x_wconf 86' lang='lat' dir='ltr'><strong>Trasumennus</strong></span> <span class='ocrx_word' id='word_1_44' title='bbox 1982 834 2188 898; x_wconf 85' lang='lat' dir='ltr'><strong>subit.</strong></span> <span class='ocrx_word' id='word_1_45' title='bbox 2278 835 2404 897; x_wconf 88' lang='lat' dir='ltr'><strong>Via</strong></span> 
     </span>
     <span class='ocr_line' id='line_1_7' title="bbox 307 934 2405 1015; baseline -0.001 -16"><span class='ocrx_word' id='word_1_46' title='bbox 307 943 580 1000; x_wconf 87' lang='lat' dir='ltr'><strong>tantum</strong></span> <span class='ocrx_word' id='word_1_47' title='bbox 604 935 882 999; x_wconf 88' lang='lat' dir='ltr'><strong>interest</strong></span> <span class='ocrx_word' id='word_1_48' title='bbox 909 941 1338 1015; x_wconf 88' lang='lat' dir='ltr'><strong>perangusta,</strong></span> <span class='ocrx_word' id='word_1_49' title='bbox 1366 936 1554 997; x_wconf 87' lang='lat' dir='ltr'><strong>velut</strong></span> <span class='ocrx_word' id='word_1_50' title='bbox 1582 937 1671 997; x_wconf 91' lang='lat' dir='ltr'><strong>ad</strong></span> <span class='ocrx_word' id='word_1_51' title='bbox 1695 934 1766 997; x_wconf 90' lang='lat' dir='ltr'><strong>id</strong></span> <span class='ocrx_word' id='word_1_52' title='bbox 1788 935 2018 1014; x_wconf 92' lang='lat' dir='ltr'><strong>ipsum</strong></span> <span class='ocrx_word' id='word_1_53' title='bbox 2056 936 2134 998; x_wconf 99' lang='lat' dir='ltr'><strong>de</strong></span> <span class='ocrx_word' id='word_1_54' title='bbox 2170 934 2405 997; x_wconf 90' lang='lat' dir='ltr'><strong>indus-</strong></span> 
     </span>
     <span class='ocr_line' id='line_1_8' title="bbox 307 1035 2405 1116; baseline -0.001 -16"><span class='ocrx_word' id='word_1_55' title='bbox 307 1037 440 1101; x_wconf 88' lang='lat' dir='ltr'><strong>tria</strong></span> <span class='ocrx_word' id='word_1_56' title='bbox 466 1036 696 1099; x_wconf 90' lang='lat' dir='ltr'><strong>relicto</strong></span> <span class='ocrx_word' id='word_1_57' title='bbox 723 1035 975 1115; x_wconf 87' lang='lat' dir='ltr'><strong>spatio;</strong></span> <span class='ocrx_word' id='word_1_58' title='bbox 1025 1035 1263 1097; x_wconf 90' lang='lat' dir='ltr'><strong>deinde</strong></span> <span class='ocrx_word' id='word_1_59' title='bbox 1295 1036 1497 1114; x_wconf 91' lang='lat' dir='ltr'><strong>paulo</strong></span> <span class='ocrx_word' id='word_1_60' title='bbox 1523 1035 1723 1097; x_wconf 91' lang='lat' dir='ltr'><strong>latior</strong></span> <span class='ocrx_word' id='word_1_61' title='bbox 1766 1035 2048 1114; x_wconf 86' lang='lat' dir='ltr'><strong>patescit</strong></span> <span class='ocrx_word' id='word_1_62' title='bbox 2092 1053 2405 1116; x_wconf 90' lang='lat' dir='ltr'><strong>campus;</strong></span> 
     </span>
     <span class='ocr_line' id='line_1_9' title="bbox 309 1134 2471 1215; baseline -0.002 -17"><span class='ocrx_word' id='word_1_63' title='bbox 309 1137 467 1200; x_wconf 92' lang='lat' dir='ltr'><strong>inde</strong></span> <span class='ocrx_word' id='word_1_64' title='bbox 510 1137 712 1200; x_wconf 86' lang='lat' dir='ltr'><strong>colles</strong></span> <span class='ocrx_word' id='word_1_65' title='bbox 753 1136 1150 1215; x_wconf 82' lang='lat' dir='ltr'><strong>adsurgunt.</strong></span> <span class='ocrx_word' id='word_1_66' title='bbox 1242 1134 1347 1195; x_wconf 93' lang='lat' dir='ltr'><strong>Ibi</strong></span> <span class='ocrx_word' id='word_1_67' title='bbox 1389 1141 1612 1197; x_wconf 90' lang='lat' dir='ltr'><strong>castra</strong></span> <span class='ocrx_word' id='word_1_68' title='bbox 1651 1135 1722 1196; x_wconf 90' lang='lat' dir='ltr'><strong>in</strong></span> <span class='ocrx_word' id='word_1_69' title='bbox 1763 1141 1998 1215; x_wconf 90' lang='lat' dir='ltr'><strong>aperto</strong></span> <span class='ocrx_word' id='word_1_70' title='bbox 2040 1138 2243 1215; x_wconf 88' lang='lat' dir='ltr'><strong>locat,</strong></span> <span class='ocrx_word' id='word_1_71' title='bbox 2284 1135 2405 1196; x_wconf 92' lang='lat' dir='ltr'><strong>ubi</strong></span> <span class='ocrx_word' id='word_1_72' title='bbox 2436 1142 2471 1193; x_wconf 88' lang='grc'>3</span> 
     </span>
     <span class='ocr_line' id='line_1_10' title="bbox 309 1234 2404 1316; baseline -0 -17"><span class='ocrx_word' id='word_1_73' title='bbox 309 1237 453 1316; x_wconf 90' lang='lat' dir='ltr'><strong>ipse</strong></span> <span class='ocrx_word' id='word_1_74' title='bbox 494 1254 651 1298; x_wconf 90' lang='lat' dir='ltr'><strong>cum</strong></span> <span class='ocrx_word' id='word_1_75' title='bbox 687 1234 866 1297; x_wconf 82' lang='lat' dir='ltr'><strong>Afris</strong></span> <span class='ocrx_word' id='word_1_76' title='bbox 904 1235 1109 1297; x_wconf 89' lang='lat' dir='ltr'><strong>modo</strong></span> <span class='ocrx_word' id='word_1_77' title='bbox 1148 1234 1607 1314; x_wconf 87' lang='lat' dir='ltr'><strong>Hispanisque</strong></span> <span class='ocrx_word' id='word_1_78' title='bbox 1650 1234 2057 1314; x_wconf 82' lang='lat' dir='ltr'><strong>consideret3</strong></span> <span class='ocrx_word' id='word_1_79' title='bbox 2105 1235 2404 1298; x_wconf 88' lang='lat' dir='ltr'><strong>Baliares</strong></span> 
     </span>
     <span class='ocr_line' id='line_1_11' title="bbox 312 1334 2405 1414; baseline -0.001 -15"><span class='ocrx_word' id='word_1_80' title='bbox 312 1342 739 1414; x_wconf 84' lang='lat' dir='ltr'><strong>ceteramque</strong></span> <span class='ocrx_word' id='word_1_81' title='bbox 767 1336 991 1397; x_wconf 84' lang='lat' dir='ltr'><strong>levem</strong></span> <span class='ocrx_word' id='word_1_82' title='bbox 1019 1341 1439 1397; x_wconf 88' lang='lat' dir='ltr'><strong>armaturam</strong></span> <span class='ocrx_word' id='word_1_83' title='bbox 1470 1341 1622 1414; x_wconf 92' lang='lat' dir='ltr'><strong>post</strong></span> <span class='ocrx_word' id='word_1_84' title='bbox 1649 1334 1900 1398; x_wconf 89' lang='lat' dir='ltr'><strong>montis</strong></span> <span class='ocrx_word' id='word_1_85' title='bbox 1930 1334 2405 1412; x_wconf 82' lang='lat' dir='ltr'><strong>circumducit3</strong></span> 
     </span>
     <span class='ocr_line' id='line_1_12' title="bbox 312 1434 2405 1516; baseline -0 -17"><span class='ocrx_word' id='word_1_86' title='bbox 312 1435 574 1516; x_wconf 89' lang='lat' dir='ltr'><strong>equites</strong></span> <span class='ocrx_word' id='word_1_87' title='bbox 615 1435 702 1498; x_wconf 91' lang='lat' dir='ltr'><strong>ad</strong></span> <span class='ocrx_word' id='word_1_88' title='bbox 744 1434 926 1514; x_wconf 91' lang='lat' dir='ltr'><strong>ipsas</strong></span> <span class='ocrx_word' id='word_1_89' title='bbox 968 1434 1200 1496; x_wconf 84' lang='lat' dir='ltr'><strong>fauces</strong></span> <span class='ocrx_word' id='word_1_90' title='bbox 1242 1435 1455 1496; x_wconf 88' lang='lat' dir='ltr'><strong>saltus</strong></span> <span class='ocrx_word' id='word_1_91' title='bbox 1498 1435 1777 1497; x_wconf 91' lang='lat' dir='ltr'><strong>tumulis</strong></span> <span class='ocrx_word' id='word_1_92' title='bbox 1820 1441 1977 1515; x_wconf 88' lang='lat' dir='ltr'><strong>apte</strong></span> <span class='ocrx_word' id='word_1_93' title='bbox 2022 1434 2405 1516; x_wconf 91' lang='lat' dir='ltr'><strong>tegentibus</strong></span> 
     </span>
     <span class='ocr_line' id='line_1_13' title="bbox 309 1534 2407 1616; baseline -0.001 -16"><span class='ocrx_word' id='word_1_94' title='bbox 309 1537 514 1614; x_wconf 89' lang='lat' dir='ltr'><strong>locat,</strong></span> <span class='ocrx_word' id='word_1_95' title='bbox 540 1542 640 1614; x_wconf 91' lang='lat' dir='ltr'><strong>ut,</strong></span> <span class='ocrx_word' id='word_1_96' title='bbox 667 1534 786 1597; x_wconf 91' lang='lat' dir='ltr'><strong>ubi</strong></span> <span class='ocrx_word' id='word_1_97' title='bbox 812 1534 1176 1596; x_wconf 88' lang='lat' dir='ltr'><strong>intrassent</strong></span> <span class='ocrx_word' id='word_1_98' title='bbox 1202 1534 1520 1613; x_wconf 91' lang='lat' dir='ltr'><strong>Romani,</strong></span> <span class='ocrx_word' id='word_1_99' title='bbox 1549 1534 1812 1598; x_wconf 89' lang='lat' dir='ltr'><strong>obiecto</strong></span> <span class='ocrx_word' id='word_1_100' title='bbox 1839 1535 2149 1616; x_wconf 91' lang='lat' dir='ltr'><strong>equitatu</strong></span> <span class='ocrx_word' id='word_1_101' title='bbox 2176 1537 2407 1598; x_wconf 90' lang='lat' dir='ltr'><strong>clausa</strong></span> 
     </span>
     <span class='ocr_line' id='line_1_14' title="bbox 314 1633 1523 1699; baseline -0.002 -1"><span class='ocrx_word' id='word_1_102' title='bbox 314 1634 544 1699; x_wconf 90' lang='lat' dir='ltr'><strong>omnia</strong></span> <span class='ocrx_word' id='word_1_103' title='bbox 581 1637 736 1697; x_wconf 89' lang='lat' dir='ltr'><strong>lacu</strong></span> <span class='ocrx_word' id='word_1_104' title='bbox 776 1653 854 1697; x_wconf 90' lang='lat' dir='ltr'><strong>ac</strong></span> <span class='ocrx_word' id='word_1_105' title='bbox 894 1633 1241 1696; x_wconf 90' lang='lat' dir='ltr'><strong>montibus</strong></span> <span class='ocrx_word' id='word_1_106' title='bbox 1280 1639 1523 1696; x_wconf 90' lang='lat' dir='ltr'><strong>essent.</strong></span> 
     </span>
    </p>

    <p class='ocr_par' dir='ltr' id='par_1_3' title="bbox 313 1729 2481 3311">
     <span class='ocr_line' id='line_1_15' title="bbox 485 1729 2479 1815; baseline -0.001 -19"><span class='ocrx_word' id='word_1_107' title='bbox 485 1732 857 1798; x_wconf 87' lang='lat' dir='ltr'><strong>Flaminius</strong></span> <span class='ocrx_word' id='word_1_108' title='bbox 901 1751 1058 1796; x_wconf 90' lang='lat' dir='ltr'><strong>cum</strong></span> <span class='ocrx_word' id='word_1_109' title='bbox 1104 1732 1316 1813; x_wconf 88' lang='lat' dir='ltr'><strong>pridie</strong></span> <span class='ocrx_word' id='word_1_110' title='bbox 1361 1733 1522 1796; x_wconf 89' lang='lat' dir='ltr'><strong>solis</strong></span> <span class='ocrx_word' id='word_1_111' title='bbox 1567 1751 1810 1796; x_wconf 89' lang='lat' dir='ltr'><strong>occasu</strong></span> <span class='ocrx_word' id='word_1_112' title='bbox 1855 1735 1942 1797; x_wconf 92' lang='lat' dir='ltr'><strong>ad</strong></span> <span class='ocrx_word' id='word_1_113' title='bbox 1986 1729 2214 1797; x_wconf 89' lang='lat' dir='ltr'><strong>lacum</strong></span> <span class='ocrx_word' id='word_1_114' title='bbox 2260 1753 2409 1815; x_wconf 86' lang='lat' dir='ltr'><strong>per·</strong></span> <span class='ocrx_word' id='word_1_115' title='bbox 2440 1743 2479 1794; x_wconf 81' lang='lat'><em>4</em></span> 
     </span>
     <span class='ocr_line' id='line_1_16' title="bbox 316 1833 2409 1912; baseline -0 -15"><span class='ocrx_word' id='word_1_116' title='bbox 316 1835 632 1912; x_wconf 85' lang='lat' dir='ltr'><strong>venisset,</strong></span> <span class='ocrx_word' id='word_1_117' title='bbox 697 1833 1118 1912; x_wconf 86' lang='lat' dir='ltr'><strong>inexplorato</strong></span> <span class='ocrx_word' id='word_1_118' title='bbox 1188 1839 1453 1912; x_wconf 90' lang='lat' dir='ltr'><strong>postero</strong></span> <span class='ocrx_word' id='word_1_119' title='bbox 1509 1833 1613 1895; x_wconf 91' lang='lat' dir='ltr'><strong>die</strong></span> <span class='ocrx_word' id='word_1_120' title='bbox 1666 1834 1948 1896; x_wconf 81' lang='lat' dir='ltr'><strong>vixdum</strong></span> <span class='ocrx_word' id='word_1_121' title='bbox 1996 1834 2159 1897; x_wconf 88' lang='lat' dir='ltr'><strong>satis</strong></span> <span class='ocrx_word' id='word_1_122' title='bbox 2227 1840 2409 1897; x_wconf 92' lang='lat' dir='ltr'><strong>certa</strong></span> 
     </span>
     <span class='ocr_line' id='line_1_17' title="bbox 313 1923 2409 2014; baseline -0 -17"><span class='ocrx_word' id='word_1_123' title='bbox 313 1923 461 1997; x_wconf 89' lang='lat' dir='ltr'><strong>luce</strong></span> <span class='ocrx_word' id='word_1_124' title='bbox 492 1934 822 2014; x_wconf 91' lang='lat' dir='ltr'><strong>angustiis</strong></span> <span class='ocrx_word' id='word_1_125' title='bbox 851 1934 1210 2013; x_wconf 81' lang='lat' dir='ltr'><strong>superatiS,</strong></span> <span class='ocrx_word' id='word_1_126' title='bbox 1246 1941 1610 2013; x_wconf 89' lang='lat' dir='ltr'><strong>postquam</strong></span> <span class='ocrx_word' id='word_1_127' title='bbox 1646 1934 1718 1995; x_wconf 95' lang='lat' dir='ltr'><strong>in</strong></span> <span class='ocrx_word' id='word_1_128' title='bbox 1750 1935 2197 2014; x_wconf 90' lang='lat' dir='ltr'><strong>patentiorem</strong></span> <span class='ocrx_word' id='word_1_129' title='bbox 2227 1952 2409 1997; x_wconf 89' lang='lat' dir='ltr'><strong>cam-</strong></span> 
     </span>
     <span class='ocr_line' id='line_1_18' title="bbox 321 2032 2410 2114; baseline 0 -18"><span class='ocrx_word' id='word_1_130' title='bbox 321 2051 485 2114; x_wconf 89' lang='lat' dir='ltr'><strong>pum</strong></span> <span class='ocrx_word' id='word_1_131' title='bbox 523 2032 732 2113; x_wconf 91' lang='lat' dir='ltr'><strong>pandi</strong></span> <span class='ocrx_word' id='word_1_132' title='bbox 768 2051 1013 2114; x_wconf 87' lang='lat' dir='ltr'><strong>agmen</strong></span> <span class='ocrx_word' id='word_1_133' title='bbox 1051 2033 1294 2112; x_wconf 90' lang='lat' dir='ltr'><strong>coepit,</strong></span> <span class='ocrx_word' id='word_1_134' title='bbox 1331 2033 1404 2094; x_wconf 92' lang='lat' dir='ltr'><strong>id</strong></span> <span class='ocrx_word' id='word_1_135' title='bbox 1439 2039 1711 2095; x_wconf 89' lang='lat' dir='ltr'><strong>tantum</strong></span> <span class='ocrx_word' id='word_1_136' title='bbox 1746 2033 2068 2113; x_wconf 89' lang='lat' dir='ltr'><strong>hostium,</strong></span> <span class='ocrx_word' id='word_1_137' title='bbox 2112 2035 2291 2114; x_wconf 93' lang='lat' dir='ltr'><strong>quod</strong></span> <span class='ocrx_word' id='word_1_138' title='bbox 2330 2053 2410 2096; x_wconf 86' lang='lat' dir='ltr'><strong>ex</strong></span> 
     </span>
     <span class='ocr_line' id='line_1_19' title="bbox 316 2132 2410 2214; baseline 0 -18"><span class='ocrx_word' id='word_1_139' title='bbox 316 2135 606 2197; x_wconf 87' lang='lat' dir='ltr'><strong>adverso</strong></span> <span class='ocrx_word' id='word_1_140' title='bbox 644 2139 810 2212; x_wconf 90' lang='lat' dir='ltr'><strong>erat,</strong></span> <span class='ocrx_word' id='word_1_141' title='bbox 849 2132 1227 2212; x_wconf 80' lang='lat' dir='ltr'><strong>conspexit3</strong></span> <span class='ocrx_word' id='word_1_142' title='bbox 1273 2133 1362 2195; x_wconf 90' lang='lat' dir='ltr'><strong>ab</strong></span> <span class='ocrx_word' id='word_1_143' title='bbox 1397 2138 1586 2214; x_wconf 92' lang='lat' dir='ltr'><strong>tergo</strong></span> <span class='ocrx_word' id='word_1_144' title='bbox 1625 2151 1702 2195; x_wconf 91' lang='lat' dir='ltr'><strong>ac</strong></span> <span class='ocrx_word' id='word_1_145' title='bbox 1741 2151 1943 2213; x_wconf 89' lang='lat' dir='ltr'><strong>super</strong></span> <span class='ocrx_word' id='word_1_146' title='bbox 1980 2142 2184 2214; x_wconf 90' lang='lat' dir='ltr'><strong>caput</strong></span> <span class='ocrx_word' id='word_1_147' title='bbox 2222 2135 2410 2197; x_wconf 91' lang='lat' dir='ltr'><strong>haud</strong></span> 
     </span>
     <span class='ocr_line' id='line_1_20' title="bbox 323 2232 2481 2312; baseline -0.002 -16"><span class='ocrx_word' id='word_1_148' title='bbox 323 2233 621 2296; x_wconf 89' lang='lat' dir='ltr'><strong>detectae</strong></span> <span class='ocrx_word' id='word_1_149' title='bbox 649 2232 958 2295; x_wconf 85' lang='lat' dir='ltr'><strong>insidiae.</strong></span> <span class='ocrx_word' id='word_1_150' title='bbox 988 2234 1252 2295; x_wconf 88' lang='lat' dir='ltr'><strong>Poenus</strong></span> <span class='ocrx_word' id='word_1_151' title='bbox 1279 2233 1421 2311; x_wconf 92' lang='lat' dir='ltr'><strong>ubi,</strong></span> <span class='ocrx_word' id='word_1_152' title='bbox 1451 2233 1524 2294; x_wconf 93' lang='lat' dir='ltr'><strong>id</strong></span> <span class='ocrx_word' id='word_1_153' title='bbox 1557 2233 1737 2312; x_wconf 95' lang='lat' dir='ltr'><strong>quod</strong></span> <span class='ocrx_word' id='word_1_154' title='bbox 1770 2233 2073 2312; x_wconf 90' lang='lat' dir='ltr'><strong>petierat,</strong></span> <span class='ocrx_word' id='word_1_155' title='bbox 2104 2236 2412 2296; x_wconf 90' lang='lat' dir='ltr'><strong>clausum</strong></span> <span class='ocrx_word' id='word_1_156' title='bbox 2446 2242 2481 2292; x_wconf 85' lang='lat'>5</span> 
     </span>
     <span class='ocr_line' id='line_1_21' title="bbox 318 2332 2412 2413; baseline 0 -18"><span class='ocrx_word' id='word_1_157' title='bbox 318 2335 472 2396; x_wconf 90' lang='lat' dir='ltr'><strong>lacu</strong></span> <span class='ocrx_word' id='word_1_158' title='bbox 526 2352 603 2397; x_wconf 89' lang='lat' dir='ltr'><strong>ac</strong></span> <span class='ocrx_word' id='word_1_159' title='bbox 657 2333 1003 2395; x_wconf 91' lang='lat' dir='ltr'><strong>montibus</strong></span> <span class='ocrx_word' id='word_1_160' title='bbox 1057 2339 1123 2394; x_wconf 91' lang='lat' dir='ltr'><strong>et</strong></span> <span class='ocrx_word' id='word_1_161' title='bbox 1175 2332 1663 2395; x_wconf 84' lang='lat' dir='ltr'><strong>circumfusum</strong></span> <span class='ocrx_word' id='word_1_162' title='bbox 1715 2335 1853 2395; x_wconf 91' lang='lat' dir='ltr'><strong>suis</strong></span> <span class='ocrx_word' id='word_1_163' title='bbox 1908 2334 2119 2413; x_wconf 90' lang='lat' dir='ltr'><strong>copiis</strong></span> <span class='ocrx_word' id='word_1_164' title='bbox 2171 2335 2412 2396; x_wconf 91' lang='lat' dir='ltr'><strong>habuit</strong></span> 
     </span>
     <span class='ocr_line' id='line_1_22' title="bbox 319 2431 2480 2514; baseline 0.002 -18"><span class='ocrx_word' id='word_1_165' title='bbox 319 2434 608 2512; x_wconf 89' lang='lat' dir='ltr'><strong>hostem,</strong></span> <span class='ocrx_word' id='word_1_166' title='bbox 631 2434 901 2513; x_wconf 89' lang='lat' dir='ltr'><strong>signum</strong></span> <span class='ocrx_word' id='word_1_167' title='bbox 924 2431 1240 2495; x_wconf 90' lang='lat' dir='ltr'><strong>omnibus</strong></span> <span class='ocrx_word' id='word_1_168' title='bbox 1267 2433 1383 2495; x_wconf 90' lang='lat' dir='ltr'><strong>dat</strong></span> <span class='ocrx_word' id='word_1_169' title='bbox 1405 2432 1608 2495; x_wconf 86' lang='lat' dir='ltr'><strong>simul</strong></span> <span class='ocrx_word' id='word_1_170' title='bbox 1631 2433 2024 2496; x_wconf 87' lang='lat' dir='ltr'><strong>invadendi.</strong></span> <span class='ocrx_word' id='word_1_171' title='bbox 2118 2434 2245 2514; x_wconf 86' lang='lat' dir='ltr'><strong>Qui</strong></span> <span class='ocrx_word' id='word_1_172' title='bbox 2267 2433 2411 2511; x_wconf 90' lang='lat' dir='ltr'><strong>ubi,</strong></span> <span class='ocrx_word' id='word_1_173' title='bbox 2443 2449 2480 2501; x_wconf 81' lang='grc'>6</span> 
     </span>
     <span class='ocr_line' id='line_1_23' title="bbox 326 2532 2411 2614; baseline 0 -19"><span class='ocrx_word' id='word_1_174' title='bbox 326 2551 460 2613; x_wconf 88' lang='lat' dir='ltr'><strong>qua</strong></span> <span class='ocrx_word' id='word_1_175' title='bbox 507 2533 750 2613; x_wconf 91' lang='lat' dir='ltr'><strong>cuique</strong></span> <span class='ocrx_word' id='word_1_176' title='bbox 793 2533 1177 2613; x_wconf 86' lang='lat' dir='ltr'><strong>proximum</strong></span> <span class='ocrx_word' id='word_1_177' title='bbox 1238 2532 1390 2611; x_wconf 85' lang='lat' dir='ltr'><strong>fuit,</strong></span> <span class='ocrx_word' id='word_1_178' title='bbox 1442 2534 1990 2612; x_wconf 90' lang='lat' dir='ltr'><strong>decucurrerunt,</strong></span> <span class='ocrx_word' id='word_1_179' title='bbox 2054 2551 2132 2596; x_wconf 93' lang='lat' dir='ltr'><strong>eo</strong></span> <span class='ocrx_word' id='word_1_180' title='bbox 2195 2533 2411 2614; x_wconf 91' lang='lat' dir='ltr'><strong>magis</strong></span> 
     </span>
     <span class='ocr_line' id='line_1_24' title="bbox 319 2630 2412 2712; baseline -0 -18"><span class='ocrx_word' id='word_1_181' title='bbox 319 2631 645 2694; x_wconf 88' lang='lat' dir='ltr'><strong>Romanis</strong></span> <span class='ocrx_word' id='word_1_182' title='bbox 687 2633 907 2695; x_wconf 89' lang='lat' dir='ltr'><strong>subita</strong></span> <span class='ocrx_word' id='word_1_183' title='bbox 948 2637 1152 2711; x_wconf 89' lang='lat' dir='ltr'><strong>atque</strong></span> <span class='ocrx_word' id='word_1_184' title='bbox 1208 2630 1553 2710; x_wconf 86' lang='lat' dir='ltr'><strong>inprovisa</strong></span> <span class='ocrx_word' id='word_1_185' title='bbox 1593 2649 1698 2694; x_wconf 89' lang='lat' dir='ltr'><strong>res</strong></span> <span class='ocrx_word' id='word_1_186' title='bbox 1730 2632 1883 2711; x_wconf 85' lang='lat' dir='ltr'><strong>fuit,</strong></span> <span class='ocrx_word' id='word_1_187' title='bbox 1934 2633 2109 2712; x_wconf 93' lang='lat' dir='ltr'><strong>quod</strong></span> <span class='ocrx_word' id='word_1_188' title='bbox 2147 2637 2293 2695; x_wconf 87' lang='lat' dir='ltr'><strong>orta</strong></span> <span class='ocrx_word' id='word_1_189' title='bbox 2332 2651 2412 2695; x_wconf 85' lang='lat' dir='ltr'><strong>ex</strong></span> 
     </span>
     <span class='ocr_line' id='line_1_25' title="bbox 320 2731 2409 2811; baseline 0 -17"><span class='ocrx_word' id='word_1_190' title='bbox 320 2733 475 2794; x_wconf 90' lang='lat' dir='ltr'><strong>lacu</strong></span> <span class='ocrx_word' id='word_1_191' title='bbox 527 2731 796 2794; x_wconf 65' lang='lat' dir='ltr'><strong>nebulav</strong></span> <span class='ocrx_word' id='word_1_192' title='bbox 831 2748 1074 2811; x_wconf 89' lang='lat' dir='ltr'><strong>campo</strong></span> <span class='ocrx_word' id='word_1_193' title='bbox 1135 2748 1341 2810; x_wconf 88' lang='lat' dir='ltr'><strong>quam</strong></span> <span class='ocrx_word' id='word_1_194' title='bbox 1393 2731 1741 2794; x_wconf 92' lang='lat' dir='ltr'><strong>montibus</strong></span> <span class='ocrx_word' id='word_1_195' title='bbox 1801 2732 2067 2794; x_wconf 90' lang='lat' dir='ltr'><strong>densior</strong></span> <span class='ocrx_word' id='word_1_196' title='bbox 2121 2734 2409 2811; x_wconf 90' lang='lat' dir='ltr'><strong>sederat,</strong></span> 
     </span>
     <span class='ocr_line' id='line_1_26' title="bbox 319 2830 2409 2911; baseline 0 -17"><span class='ocrx_word' id='word_1_197' title='bbox 319 2830 727 2911; x_wconf 86' lang='lat' dir='ltr'><strong>agminaque</strong></span> <span class='ocrx_word' id='word_1_198' title='bbox 773 2831 1073 2893; x_wconf 90' lang='lat' dir='ltr'><strong>hostium</strong></span> <span class='ocrx_word' id='word_1_199' title='bbox 1118 2849 1198 2892; x_wconf 85' lang='lat' dir='ltr'><strong>ex</strong></span> <span class='ocrx_word' id='word_1_200' title='bbox 1247 2831 1553 2910; x_wconf 93' lang='lat' dir='ltr'><strong>pluribus</strong></span> <span class='ocrx_word' id='word_1_201' title='bbox 1598 2832 1883 2894; x_wconf 91' lang='lat' dir='ltr'><strong>collibus</strong></span> <span class='ocrx_word' id='word_1_202' title='bbox 1926 2833 2077 2911; x_wconf 90' lang='lat' dir='ltr'><strong>ipsa</strong></span> <span class='ocrx_word' id='word_1_203' title='bbox 2121 2832 2297 2895; x_wconf 90' lang='lat' dir='ltr'><strong>inter</strong></span> <span class='ocrx_word' id='word_1_204' title='bbox 2340 2850 2409 2894; x_wconf 94' lang='lat' dir='ltr'><strong>se</strong></span> 
     </span>
     <span class='ocr_line' id='line_1_27' title="bbox 319 2931 2406 3011; baseline 0 -17"><span class='ocrx_word' id='word_1_205' title='bbox 319 2931 485 2994; x_wconf 89' lang='lat' dir='ltr'><strong>satis</strong></span> <span class='ocrx_word' id='word_1_206' title='bbox 552 2937 914 3010; x_wconf 89' lang='lat' dir='ltr'><strong>conspecta</strong></span> <span class='ocrx_word' id='word_1_207' title='bbox 980 2947 1193 3010; x_wconf 91' lang='lat' dir='ltr'><strong>eoque</strong></span> <span class='ocrx_word' id='word_1_208' title='bbox 1261 2931 1477 3011; x_wconf 91' lang='lat' dir='ltr'><strong>magis</strong></span> <span class='ocrx_word' id='word_1_209' title='bbox 1550 2932 1797 3010; x_wconf 88' lang='lat' dir='ltr'><strong>pariter</strong></span> <span class='ocrx_word' id='word_1_210' title='bbox 1867 2933 2406 2995; x_wconf 86' lang='lat' dir='ltr'><strong>decucurrerant.</strong></span> 
     </span>
     <span class='ocr_line' id='line_1_28' title="bbox 321 3030 2479 3112; baseline 0 -19"><span class='ocrx_word' id='word_1_211' title='bbox 321 3033 672 3093; x_wconf 91' lang='lat' dir='ltr'><strong>Romanus</strong></span> <span class='ocrx_word' id='word_1_212' title='bbox 740 3033 1031 3093; x_wconf 90' lang='lat' dir='ltr'><strong>clamore</strong></span> <span class='ocrx_word' id='word_1_213' title='bbox 1105 3031 1288 3111; x_wconf 92' lang='lat' dir='ltr'><strong>prius</strong></span> <span class='ocrx_word' id='word_1_214' title='bbox 1353 3030 1659 3111; x_wconf 89' lang='lat' dir='ltr'><strong>undique</strong></span> <span class='ocrx_word' id='word_1_215' title='bbox 1729 3038 1900 3111; x_wconf 91' lang='lat' dir='ltr'><strong>orto,</strong></span> <span class='ocrx_word' id='word_1_216' title='bbox 1976 3050 2181 3112; x_wconf 89' lang='lat' dir='ltr'><strong>quam</strong></span> <span class='ocrx_word' id='word_1_217' title='bbox 2246 3033 2411 3096; x_wconf 88' lang='lat' dir='ltr'><strong>satis</strong></span> <span class='ocrx_word' id='word_1_218' title='bbox 2442 3051 2479 3104; x_wconf 77' lang='grc'><strong>7</strong></span> 
     </span>
     <span class='ocr_line' id='line_1_29' title="bbox 322 3131 2411 3211; baseline -0.001 -17"><span class='ocrx_word' id='word_1_219' title='bbox 322 3137 644 3209; x_wconf 81' lang='lat' dir='ltr'><strong>cerneret,</strong></span> <span class='ocrx_word' id='word_1_220' title='bbox 706 3149 775 3193; x_wconf 91' lang='lat' dir='ltr'><strong>se</strong></span> <span class='ocrx_word' id='word_1_221' title='bbox 849 3131 1388 3193; x_wconf 88' lang='lat' dir='ltr'><strong>circumventum</strong></span> <span class='ocrx_word' id='word_1_222' title='bbox 1458 3149 1603 3193; x_wconf 92' lang='lat' dir='ltr'><strong>esse</strong></span> <span class='ocrx_word' id='word_1_223' title='bbox 1674 3132 1905 3211; x_wconf 89' lang='lat' dir='ltr'><strong>sensit,</strong></span> <span class='ocrx_word' id='word_1_224' title='bbox 1977 3139 2043 3194; x_wconf 91' lang='lat' dir='ltr'><strong>et</strong></span> <span class='ocrx_word' id='word_1_225' title='bbox 2110 3138 2267 3195; x_wconf 88' lang='lat' dir='ltr'><strong>ante</strong></span> <span class='ocrx_word' id='word_1_226' title='bbox 2338 3133 2411 3192; x_wconf 92' lang='lat' dir='ltr'><strong>in</strong></span> 
     </span>
     <span class='ocr_line' id='line_1_30' title="bbox 320 3231 2410 3311; baseline 0 -18"><span class='ocrx_word' id='word_1_227' title='bbox 320 3232 616 3294; x_wconf 78' lang='lat' dir='ltr'><strong>frontem</strong></span> <span class='ocrx_word' id='word_1_228' title='bbox 678 3233 1024 3310; x_wconf 89' lang='lat' dir='ltr'><strong>lateraque</strong></span> <span class='ocrx_word' id='word_1_229' title='bbox 1089 3231 1374 3311; x_wconf 85' lang='lat' dir='ltr'><strong>pugnari</strong></span> <span class='ocrx_word' id='word_1_230' title='bbox 1427 3237 1745 3311; x_wconf 89' lang='lat' dir='ltr'><strong>coeptum</strong></span> <span class='ocrx_word' id='word_1_231' title='bbox 1809 3239 1930 3311; x_wconf 90' lang='lat' dir='ltr'><strong>est,</strong></span> <span class='ocrx_word' id='word_1_232' title='bbox 1980 3250 2184 3311; x_wconf 91' lang='lat' dir='ltr'><strong>quam</strong></span> <span class='ocrx_word' id='word_1_233' title='bbox 2247 3233 2410 3294; x_wconf 90' lang='lat' dir='ltr'><strong>satis</strong></span> 
     </span>
    </p>
   </div>
   <div class='ocr_carea' id='block_1_3' title="bbox 321 3433 2411 3621">
    <p class='ocr_par' dir='ltr' id='par_1_4' title="bbox 321 3433 2411 3621">
     <span class='ocr_line' id='line_1_31' title="bbox 370 3433 2405 3493; baseline -0.001 -15"><span class='ocrx_word' id='word_1_234' title='bbox 370 3435 456 3478; x_wconf 78' lang='lat' dir='ltr'><strong>IV.</strong></span> <span class='ocrx_word' id='word_1_235' title='bbox 511 3437 560 3480; x_wconf 80' lang='lat'><strong>2.</strong></span> <span class='ocrx_word' id='word_1_236' title='bbox 615 3434 687 3480; x_wconf 75' lang='lat' dir='ltr'><strong>ad</strong></span> <span class='ocrx_word' id='word_1_237' title='bbox 702 3434 762 3479; x_wconf 75' lang='lat' dir='ltr'><strong>ld</strong></span> <span class='ocrx_word' id='word_1_238' title='bbox 779 3434 984 3485; x_wconf 72' lang='lat' dir='ltr'><strong>ipsum:</strong></span> <span class='ocrx_word' id='word_1_239' title='bbox 1005 3434 1083 3475; x_wconf 73' lang='lat' dir='ltr'><strong>Le.</strong></span> <span class='ocrx_word' id='word_1_240' title='bbox 1113 3433 1317 3474; x_wconf 73' lang='lat' dir='ltr'><strong>insidiis.</strong></span> <span class='ocrx_word' id='word_1_241' title='bbox 1412 3438 1533 3486; x_wconf 73' lang='lat' dir='ltr'><strong>part,</strong></span> <span class='ocrx_word' id='word_1_242' title='bbox 1562 3436 1679 3477; x_wconf 77' lang='lat' dir='ltr'><strong>that,</strong></span> <span class='ocrx_word' id='word_1_243' title='bbox 1708 3436 1897 3493; x_wconf 74' lang='lat' dir='ltr'><strong>clearly</strong></span> <span class='ocrx_word' id='word_1_244' title='bbox 1924 3437 2155 3478; x_wconf 83' lang='lat' dir='ltr'><strong>deserves</strong></span> <span class='ocrx_word' id='word_1_245' title='bbox 2184 3445 2405 3478; x_wconf 86' lang='lat' dir='ltr'><strong>censure.</strong></span> 
     </span>
     <span class='ocr_line' id='line_1_32' title="bbox 322 3501 2411 3554; baseline -0.002 -5"><span class='ocrx_word' id='word_1_246' title='bbox 322 3502 392 3549; x_wconf 76' lang='lat' dir='ltr'><strong>de</strong></span> <span class='ocrx_word' id='word_1_247' title='bbox 425 3501 732 3547; x_wconf 72' lang='lat' dir='ltr'><strong>industria:</strong></span> <span class='ocrx_word' id='word_1_248' title='bbox 771 3505 862 3543; x_wconf 86' lang='lat' dir='ltr'><strong>“as</strong></span> <span class='ocrx_word' id='word_1_249' title='bbox 896 3502 940 3541; x_wconf 90' lang='grc'><strong>11’</strong></span> <span class='ocrx_word' id='word_1_250' title='bbox 965 3503 1102 3542; x_wconf 74' lang='lat' dir='ltr'><strong>from</strong></span> <span class='ocrx_word' id='word_1_251' title='bbox 1129 3503 1216 3542; x_wconf 76' lang='lat' dir='ltr'><strong>the</strong></span> <span class='ocrx_word' id='word_1_252' title='bbox 1243 3503 1320 3542; x_wconf 85' lang='lat' dir='ltr'><strong>de·</strong></span> <span class='ocrx_word' id='word_1_253' title='bbox 1415 3502 1507 3543; x_wconf 88' lang='lat' dir='ltr'><strong>We</strong></span> <span class='ocrx_word' id='word_1_254' title='bbox 1539 3507 1680 3544; x_wconf 76' lang='lat' dir='ltr'><strong>must,</strong></span> <span class='ocrx_word' id='word_1_255' title='bbox 1707 3505 1988 3545; x_wconf 84' lang='lat' dir='ltr'><strong>remember</strong></span> <span class='ocrx_word' id='word_1_256' title='bbox 2017 3505 2131 3544; x_wconf 78' lang='lat' dir='ltr'><strong>that</strong></span> <span class='ocrx_word' id='word_1_257' title='bbox 2144 3504 2317 3554; x_wconf 80' lang='lat' dir='ltr'><strong>Livy&#39;s</strong></span> <span class='ocrx_word' id='word_1_258' title='bbox 2334 3513 2411 3544; x_wconf 87' lang='lat' dir='ltr'><strong>ac-</strong></span> 
     </span>
     <span class='ocr_line' id='line_1_33' title="bbox 321 3569 2410 3621; baseline -0.001 -10"><span class='ocrx_word' id='word_1_259' title='bbox 321 3569 438 3621; x_wconf 74' lang='lat' dir='ltr'><strong>sign</strong></span> <span class='ocrx_word' id='word_1_260' title='bbox 453 3571 509 3610; x_wconf 80' lang='lat' dir='ltr'><strong>ot</strong></span> <span class='ocrx_word' id='word_1_261' title='bbox 525 3570 858 3620; x_wconf 53' lang='lat' dir='ltr'><strong>naturess’the</strong></span> <span class='ocrx_word' id='word_1_262' title='bbox 873 3578 1014 3611; x_wconf 78' lang='lat' dir='ltr'><strong>same</strong></span> <span class='ocrx_word' id='word_1_263' title='bbox 1027 3570 1250 3620; x_wconf 72' lang='lat' dir='ltr'><strong>thought</strong></span> <span class='ocrx_word' id='word_1_264' title='bbox 1264 3579 1321 3610; x_wconf 86' lang='lat' dir='ltr'><strong>as</strong></span> <span class='ocrx_word' id='word_1_265' title='bbox 1413 3571 1571 3610; x_wconf 82' lang='lat' dir='ltr'><strong>count.</strong></span> <span class='ocrx_word' id='word_1_266' title='bbox 1624 3569 1671 3610; x_wconf 82' lang='lat' dir='ltr'><strong>is</strong></span> <span class='ocrx_word' id='word_1_267' title='bbox 1724 3571 2042 3620; x_wconf 75' lang='lat' dir='ltr'><strong>throughout,</strong></span> <span class='ocrx_word' id='word_1_268' title='bbox 2093 3569 2290 3611; x_wconf 85' lang='lat' dir='ltr'><strong>colored</strong></span> <span class='ocrx_word' id='word_1_269' title='bbox 2345 3569 2410 3620; x_wconf 83' lang='lat' dir='ltr'><strong>by</strong></span> 
     </span>
    </p>
   </div>
   <div class='ocr_carea' id='block_1_4' title="bbox 322 3635 2408 3820">
    <p class='ocr_par' dir='ltr' id='par_1_5' title="bbox 322 3635 2408 3820">
     <span class='ocr_line' id='line_1_34' title="bbox 322 3635 2408 3687; baseline -0.001 -9"><span class='ocrx_word' id='word_1_270' title='bbox 322 3637 441 3678; x_wconf 73' lang='lat' dir='ltr'><strong>nata</strong></span> <span class='ocrx_word' id='word_1_271' title='bbox 456 3635 663 3678; x_wconf 68' lang='lat' dir='ltr'><strong>insidiis.</strong></span> <span class='ocrx_word' id='word_1_272' title='bbox 1415 3637 1501 3676; x_wconf 84' lang='lat' dir='ltr'><strong>the</strong></span> <span class='ocrx_word' id='word_1_273' title='bbox 1542 3635 1828 3687; x_wconf 75' lang='lat' dir='ltr'><strong>prejudices</strong></span> <span class='ocrx_word' id='word_1_274' title='bbox 1870 3637 1924 3676; x_wconf 82' lang='lat' dir='ltr'><strong>ot</strong></span> <span class='ocrx_word' id='word_1_275' title='bbox 1976 3637 2062 3678; x_wconf 83' lang='lat' dir='ltr'><strong>the</strong></span> <span class='ocrx_word' id='word_1_276' title='bbox 2090 3636 2408 3678; x_wconf 71' lang='lat' dir='ltr'><strong>aristocratia</strong></span> 
     </span>
     <span class='ocr_line' id='line_1_35' title="bbox 373 3702 2406 3766; baseline -0.003 -18"><span class='ocrx_word' id='word_1_277' title='bbox 373 3704 421 3748; x_wconf 76' lang='lat'><strong>8.</strong></span> <span class='ocrx_word' id='word_1_278' title='bbox 467 3703 804 3748; x_wconf 75' lang='lat' dir='ltr'><strong>consideret:</strong></span> <span class='ocrx_word' id='word_1_279' title='bbox 837 3702 1090 3745; x_wconf 76' lang='lat' dir='ltr'><strong>avolitive</strong></span> <span class='ocrx_word' id='word_1_280' title='bbox 1106 3702 1321 3753; x_wconf 83' lang='lat' dir='ltr'><strong>descrip-</strong></span> <span class='ocrx_word' id='word_1_281' title='bbox 1413 3705 1578 3754; x_wconf 84' lang='lat' dir='ltr'><strong>party.</strong></span> <span class='ocrx_word' id='word_1_282' title='bbox 1649 3702 1843 3753; x_wconf 75' lang='lat' dir='ltr'><strong>pandi:</strong></span> <span class='ocrx_word' id='word_1_283' title='bbox 1914 3703 2113 3766; x_wconf 83' lang='lat' dir='ltr'><strong>m1dd1e‚</strong></span> <span class='ocrx_word' id='word_1_284' title='bbox 2196 3705 2283 3742; x_wconf 80' lang='lat' dir='ltr'><strong>“to</strong></span> <span class='ocrx_word' id='word_1_285' title='bbox 2331 3703 2406 3742; x_wconf 86' lang='lat' dir='ltr'><strong>de-</strong></span> 
     </span>
     <span class='ocr_line' id='line_1_36' title="bbox 323 3767 2407 3820; baseline 0 -8"><span class='ocrx_word' id='word_1_286' title='bbox 323 3771 428 3813; x_wconf 72' lang='lat' dir='ltr'><strong>tivo</strong></span> <span class='ocrx_word' id='word_1_287' title='bbox 443 3771 626 3812; x_wconf 77' lang='lat' dir='ltr'><strong>clause.</strong></span> <span class='ocrx_word' id='word_1_288' title='bbox 1415 3770 1583 3820; x_wconf 85' lang='lat' dir='ltr'><strong>ploy.&#39;’</strong></span> <span class='ocrx_word' id='word_1_289' title='bbox 1636 3768 1728 3810; x_wconf 88' lang='lat' dir='ltr'><strong>See</strong></span> <span class='ocrx_word' id='word_1_290' title='bbox 1754 3770 1817 3808; x_wconf 81' lang='lat'><strong>21.</strong></span> <span class='ocrx_word' id='word_1_291' title='bbox 1848 3769 1911 3808; x_wconf 81' lang='lat'><strong>23.</strong></span> <span class='ocrx_word' id='word_1_292' title='bbox 1947 3771 1985 3808; x_wconf 79' lang='lat'><strong>4.</strong></span> <span class='ocrx_word' id='word_1_293' title='bbox 2039 3777 2106 3812; x_wconf 85' lang='lat' dir='ltr'><strong>ex</strong></span> <span class='ocrx_word' id='word_1_294' title='bbox 2149 3767 2407 3813; x_wconf 70' lang='lat' dir='ltr'><strong>adverset</strong></span> 
     </span>
    </p>
   </div>
   <div class='ocr_carea' id='block_1_5' title="bbox 325 3836 2109 3956">
    <p class='ocr_par' dir='ltr' id='par_1_6' title="bbox 325 3836 2109 3956">
     <span class='ocr_line' id='line_1_37' title="bbox 372 3836 1710 3888; baseline -0.005 -6"><span class='ocrx_word' id='word_1_295' title='bbox 372 3839 422 3882; x_wconf 72' lang='lat'><strong>4.</strong></span> <span class='ocrx_word' id='word_1_296' title='bbox 476 3836 854 3888; x_wconf 70' lang='lat' dir='ltr'><strong>inexplorato:</strong></span> <span class='ocrx_word' id='word_1_297' title='bbox 883 3837 989 3878; x_wconf 78' lang='lat' dir='ltr'><strong>this</strong></span> <span class='ocrx_word' id='word_1_298' title='bbox 1021 3838 1069 3878; x_wconf 82' lang='lat' dir='ltr'><strong>is</strong></span> <span class='ocrx_word' id='word_1_299' title='bbox 1104 3838 1192 3878; x_wconf 81' lang='lat' dir='ltr'><strong>the</strong></span> <span class='ocrx_word' id='word_1_300' title='bbox 1225 3846 1322 3878; x_wconf 87' lang='lat' dir='ltr'><strong>one</strong></span> <span class='ocrx_word' id='word_1_301' title='bbox 1417 3837 1504 3876; x_wconf 80' lang='lat' dir='ltr'><strong>“in</strong></span> <span class='ocrx_word' id='word_1_302' title='bbox 1521 3836 1710 3877; x_wconf 78' lang='lat' dir='ltr'><strong>tront.&#39;·</strong></span> 
     </span>
     <span class='ocr_line' id='line_1_38' title="bbox 325 3901 2109 3956; baseline -0.001 -8"><span class='ocrx_word' id='word_1_303' title='bbox 325 3908 410 3948; x_wconf 72' lang='lat' dir='ltr'><strong>act.</strong></span> <span class='ocrx_word' id='word_1_304' title='bbox 437 3905 494 3946; x_wconf 74' lang='lat' dir='ltr'><strong>ot</strong></span> <span class='ocrx_word' id='word_1_305' title='bbox 525 3903 858 3948; x_wconf 77' lang='lat' dir='ltr'><strong>carelessness</strong></span> <span class='ocrx_word' id='word_1_306' title='bbox 893 3915 962 3946; x_wconf 88' lang='lat' dir='ltr'><strong>on</strong></span> <span class='ocrx_word' id='word_1_307' title='bbox 1017 3903 1321 3946; x_wconf 79' lang='lat' dir='ltr'><strong>Flaminius·</strong></span> <span class='ocrx_word' id='word_1_308' title='bbox 1467 3904 1515 3948; x_wconf 78' lang='lat'><strong>6.</strong></span> <span class='ocrx_word' id='word_1_309' title='bbox 1570 3911 1785 3954; x_wconf 69' lang='lat' dir='ltr'><strong>eampo:</strong></span> <span class='ocrx_word' id='word_1_310' title='bbox 1818 3901 1916 3944; x_wconf 57' lang='grc' dir='ltr'><strong>εἰη</strong></span> <span class='ocrx_word' id='word_1_311' title='bbox 1932 3909 2109 3956; x_wconf 67' lang='lat' dir='ltr'><strong>campo-</strong></span> 
     </span>
    </p>
   </div>
  </div>
 </body>
</html>
