2967 4384
522 212 593 270 ie
1431 214 1499 273 Τ.
1541 214 1707 273 Livi
2479 215 2544 289 [i.
2580 217 2615 276 3

518 394 749 450 tarunt
792 407 995 468 quam
1033 390 1306 466 viribus,
1347 391 1669 452 Romanis
1708 391 2222 471 indignantibus,
2267 393 2440 470 quod
2477 393 2615 454 vic-

517 488 771 550 toribus
812 491 970 551 victi
1013 491 1187 551 ultro
1229 491 1547 552 inferrent
1588 508 1800 566 arma,
1827 491 2087 567 PoeniS,
2129 492 2302 570 quod
2342 492 2613 570 superbe

448 597 486 648 4
519 605 846 666 avareque
892 590 1227 650 crederent
1267 591 1722 668 imperitatum
1762 591 1954 652 victis
1996 608 2156 653 esse.
2256 591 2465 652 Fama
2517 595 2616 652 est
2708 665 2711 670 Ι

517 687 742 764 etiam,
804 688 1250 749 Hannibalem
1309 706 1642 750 annorum
1709 689 1915 751 ferme
1989 707 2230 752 novem
2284 690 2616 768 pueriliter

515 785 967 848 blandientem
994 788 1165 865 patri
1190 787 1580 866 Hamilcari,
1612 795 1687 851 ut
1728 789 2072 851 duceretur
2101 789 2171 849 in
2200 789 2615 868 Hispaniam,

518 903 674 946 cum
703 887 992 964 perfecto
1019 886 1242 949 Africo
1272 887 1440 949 bello
1471 889 1831 950 exercitum
1871 906 1948 950 eo
1990 889 2385 950 traiecturus
2414 889 2615 950 sacri-

515 987 768 1062 ficaret,
828 985 1146 1048 altaribus
1202 988 1551 1049 admotum
1606 989 1801 1049 tactis
1857 988 2061 1050 sacris
2129 988 2268 1050 iure
2339 988 2614 1050 iurando

516 1086 856 1163 adactum,
914 1103 982 1147 se
1041 1103 1196 1147 cum
1250 1087 1542 1165 primum
1597 1093 1815 1166 posset
1868 1088 2130 1149 hostem
2184 1088 2324 1149 fore
2374 1087 2613 1166 populo

445 1199 482 1250 5
517 1185 846 1264 Romano.
932 1186 1278 1265 Angebant
1318 1186 1602 1266 ingentis
1644 1187 1908 1265 spiritus
1947 1188 2166 1249 virum
2206 1187 2425 1249 Sicilia
2465 1187 2615 1249 Sar-

517 1285 827 1364 diniaque
859 1287 1177 1351 amissae:
1217 1304 1379 1346 nam
1407 1291 1472 1348 et
1513 1286 1804 1348 Siciliam
1846 1286 2045 1348 nimis
2090 1286 2283 1349 celeri
2313 1287 2615 1386 despera-

515 1385 695 1446 tione
727 1402 952 1447 rerum
980 1402 1362 1447 concessam
1383 1390 1449 1446 et
1477 1385 1847 1447 Sardiniam
1876 1386 2048 1447 inter
2074 1392 2335 1448 motum
2353 1383 2649 1468 Aincae

515 1486 749 1547 fraude
820 1486 1281 1546 Romanorum
1335 1484 1657 1563 stipendio
1726 1486 1929 1547 etiam
1999 1485 2265 1564 insuper
2332 1486 2686 1564 inpositox

451 1596 484 1646 i
518 1586 974 1664 interceptam.
1062 1585 1148 1646 11.
1206 1584 1328 1646 His
1378 1585 1615 1647 anxius
1666 1586 1838 1646 curis
1887 1586 1984 1646 ita
2032 1603 2100 1646 se
2148 1585 2372 1648 Africo
2421 1585 2613 1663 bello,

520 1685 693 1764 quod
743 1685 872 1747 fuit
921 1685 1043 1747 sub
1091 1690 1426 1746 recentem
1473 1685 1852 1746 Romanam
1901 1702 2154 1763 pacem,
2184 1702 2298 1763 per
2328 1684 2613 1764 quinque

519 1803 754 1863 annoS,
813 1785 908 1847 ita
964 1785 1192 1847 deinde
1249 1802 1494 1846 novem
1549 1785 1739 1846 annis
1796 1785 1867 1845 in
1922 1784 2245 1863 Hispania
2314 1785 2613 1864 augendo

448 1892 484 1942 2
517 1885 766 1946 Punico
819 1885 1091 1964 imperio
1142 1884 1363 1964 gessit,
1394 1889 1470 1945 ut
1520 1890 1882 1962 appareret,
1923 1885 2141 1946 maius
2190 1901 2367 1962 eum,
2413 1901 2615 1963 quam

519 1985 692 2063 quod
749 1990 1022 2064 gereret,
1080 1985 1332 2064 agitare
1389 1983 1460 2044 in
1518 1985 1743 2045 animo
1799 1984 2045 2045 bellum
2101 1989 2187 2062 et,
2244 1985 2301 2045 si
2369 1982 2614 2045 diutius

516 2085 804 2162 vixisset,
835 2085 1214 2146 Hamilcare
1258 2084 1421 2145 duce
1471 2084 1726 2146 Poenos
1776 2101 1965 2146 arma
2011 2085 2243 2146 Italiae
2293 2084 2614 2146 inlaturos

515 2184 742 2262 fuisse,
777 2201 945 2263 quae
986 2184 1382 2245 Hannibalis
1412 2184 1617 2245 ductu
1644 2184 2030 2246 intulerunt.

445 2293 481 2344 3
687 2284 866 2344 Mors
895 2283 1293 2345 Hamilcaris
1314 2289 1801 2362 peropportuna
1821 2288 1886 2344 et
1914 2283 2195 2362 pueritia
2221 2282 2613 2345 Hannibalis

517 2383 912 2445 distulerunt
959 2383 1226 2444 bellum.
1315 2383 1572 2443 Medius
1616 2383 1990 2444 Hasdrubal
2036 2383 2207 2443 inter
2249 2389 2506 2462 patrem
2534 2399 2613 2444 ac

446 2495 480 2545 5
515 2483 730 2543 filium
781 2488 929 2544 octo
979 2482 1187 2543 ferme
1239 2499 1448 2543 annos
1499 2483 1851 2560 imperium
1896 2482 2201 2544 obtinuit.
2315 2483 2380 2543 Is
2423 2482 2615 2561 plura

517 2582 788 2644 consilio
825 2600 1026 2660 quam
1052 2582 1129 2644 vi·
1167 2600 1397 2661 gerens
1443 2582 1744 2660 hospitiis
1790 2583 2004 2662 magis
2032 2583 2411 2660 regulorum
2455 2599 2612 2643 con-

517 2682 945 2761 ciliandisque
1020 2700 1134 2760 per
1204 2682 1570 2743 amicitiam
1637 2681 2008 2760 principum
2062 2681 2251 2743 novis
2307 2680 2610 2760 gentibus

518 2798 723 2860 quam
792 2782 961 2843 bello
1043 2787 1159 2842 aut
1224 2782 1427 2843 armis
1508 2797 1652 2841 rem
1725 2769 2337 2859 Carthaginiensem
2407 2779 2610 2841 auxit.

567 2946 614 2987 4.
655 2943 839 2987 Africo
860 2943 1028 2988 bello:
1045 2945 1130 2984 the
1147 2943 1350 2995 mutiny
1361 2945 1416 2984 oi·
1428 2944 1515 2984 the
1666 2944 1733 2988 ΙΙ.
1766 2944 1812 2987 1.
1868 2944 1990 2987 sub:
2010 2943 2440 2993 withatemporal
2452 2943 2607 2991 torce3

519 3020 811 3060 mercenary
824 3017 999 3061 troops
1031 3011 1085 3050 oi'
1101 3011 1351 3060 Carthago
1379 3012 1514 3051 from
1618 3009 1995 3061 “immediately
2014 3011 2159 3052 atter.
2170 3011 2197 3029 ’'
2247 3018 2348 3061 per
2367 3009 2609 3060 quinque

514 3078 683 3117 241-ae8
701 3085 747 3117 B.
771 3085 814 3117 ο.
867 3075 1042 3120 tactis
1058 3075 1258 3120 sacris:
1280 3087 1311 3117 a
1338 3078 1515 3117 rather
1616 3085 1813 3121 annos:
1892 3075 2161 3126 according
2241 3080 2295 3116 to
2370 3075 2611 3126 Polybius

517 3153 680 3193 vague
739 3144 934 3193 phrase.
987 3143 1232 3193 probably
1274 3143 1514 3193 meaning
1610 3144 1787 3194 (1.88.7)
1816 3143 1935 3194 only
1963 3145 2106 3184 three
2134 3152 2281 3193 years
2309 3143 2410 3183 and
2439 3153 2470 3183 a
2486 3143 2606 3184 halt.

505 3209 724 3260 .“1aying
762 3209 842 3250 his
872 3210 1035 3250 hands
1063 3218 1129 3249 on
1161 3210 1247 3249 the
1284 3209 1513 3250 victim.'’
1616 3218 1814 3254 novem
1868 3210 2053 3254 annis:
2116 3219 2197 3251 see
2257 3210 2612 3251 Introduction

515 3277 645 3328 Livy
683 3277 744 3317 35.
785 3276 845 3316 19.
873 3275 910 3316 3.
945 3275 1086 3327 gives
1125 3277 1210 3316 the
1243 3277 1367 3317 oath
1396 3276 1452 3316 in
1483 3285 1515 3318 a
1616 3277 1797 3317 V111.3
1821 3277 1895 3326 (c).

515 3343 752 3393 negative
796 3344 949 3383 torm:
1005 3350 1260 3392 numquam
1313 3342 1515 3382 amicum
1666 3345 1712 3386 2.
1767 3342 2053 3388 inlaturos
2089 3343 2286 3387 misse:
2322 3346 2607 3394 represents

505 3409 625 3459 sore
653 3406 823 3460 populi
846 3408 1071 3449 Romani.
1618 3411 1701 3450 the
1736 3409 2009 3450 intulissent
2044 3413 2098 3451 ot
2140 3411 2302 3450 direct
2335 3410 2603 3450 discourse.

515 3476 555 3520 1.
594 3478 640 3521 5.
645 3476 738 3521 -ΙΙ,
791 3475 1059 3519 Hamilcar
1077 3475 1185 3518 and
1205 3470 1515 3552 Hasdrubal
1616 3476 1948 3520 Hannibalis
1998 3475 2202 3520 ductu:
2252 3491 2292 3510 =
2338 3475 2610 3516 Hannibale

877 3543 936 3585 in
961 3541 1144 3593 Spain.
1616 3543 1741 3582 duce.
1798 3542 1889 3583 See
1905 3544 2263 3585 Introduction
2281 3543 2419 3583 VIII.
2447 3543 2483 3582 8.

568 3611 612 3654 5.
685 3608 935 3660 ingentis
1004 3607 1266 3658 epu-itus·
1340 3609 1513 3659 “high
1668 3610 1713 3652 8.
1762 3610 2463 3661 peropportunatnaturauy
2476 3611 2610 3650 from

515 3675 786 3727 spirited.”
831 3675 1065 3718 Genitive
1100 3676 1155 3715 ot
1187 3675 1509 3726 description.
1616 3677 1702 3716 the
1737 3676 1883 3725 point
1916 3677 1971 3716 oi'
2006 3676 2132 3716 view
2160 3677 2214 3716 ot
2248 3676 2336 3715 the
2366 3675 2605 3723 Romans.

515 3743 714 3788 Sicilia
735 3741 1102 3792 sardiniaque
1130 3742 1393 3786 amissae:
1430 3751 1512 3783 see
1614 3743 1728 3782 who
1740 3751 1869 3782 were
1881 3744 2000 3783 then
2014 3742 2250 3792 occupied
2263 3743 2389 3782 with
2405 3743 2609 3784 aGallic

516 3808 874 3851 Introduction
900 3808 1036 3850 VIII.
1057 3809 1096 3848 7.
1616 3817 1723 3848 war
1744 3809 1805 3848 in
1834 3809 2094 3850 Northern
2113 3809 2267 3860 Italy.
2534 3826 2539 3832 ·
