2967 4384
453 241 526 294 64
1369 237 1432 290 ¹1¹.
1470 237 1634 292 1.1v1
2328 237 2444 302 [vii.
2481 237 2548 290 11

327 426 398 477 12
457 419 786 492 poterant.
879 413 1044 474 Inde
1083 412 1305 473 varios
1342 412 1571 471 vultus
1611 408 2130 488 digredientium
2166 409 2256 471 ab
2290 410 2546 472 nuntiis

454 531 777 590 cernereS,
805 519 881 575 ut
909 513 1150 590 cuique
1179 513 1357 572 laeta
1384 517 1502 572 aut
1529 510 1747 572 tristia
1774 511 2290 588 nuntiabantur,
2320 519 2547 590 gratu-

451 613 787 692 lantisque
841 618 959 674 aut
1012 611 1422 673 consolantis
1474 610 1915 671 redeuntibus
1972 611 2207 673 domos
2260 607 2547 672 circum-

451 715 658 775 fusoS.
751 713 1184 774 Feminarum
1227 711 1583 790 praecipue
1626 717 1690 772 et
1731 711 1981 790 gaudia
2020 711 2312 790 insignia
2353 719 2542 773 erant

343 832 414 882 13
452 821 516 875 et
573 816 815 875 luctuS.
908 813 1132 873 Unam
1190 811 1260 872 in
1315 811 1466 889 ipsa
1527 817 1721 889 porta
1778 811 2015 890 sospiti
2071 812 2210 873 filio
2268 819 2541 891 repente

452 914 753 975 oblatam
810 913 881 972 in
941 913 1272 990 conplexu
1332 912 1474 972 eius
1534 911 1871 989 expirasse
1930 912 2187 990 ferunt3
2235 914 2541 990 alteram,

452 1015 560 1075 cui
614 1031 795 1075 mors
847 1013 943 1072 fili
997 1013 1169 1073 falso
1223 1011 1539 1072 nuntiata
1592 1019 1757 1089 erat,
1813 1019 2165 1084 maestam,
2197 1013 2544 1074 sedentem

456 1114 637 1175 domi
703 1113 789 1174 ad
859 1113 1153 1190 primum
1219 1117 1659 1189 conspectum
1722 1112 2065 1173 redeuntis
2130 1112 2226 1173 fili
2291 1113 2541 1192 gaudio

342 1232 417 1282 14
450 1214 660 1274 nimio
685 1213 1163 1277 exanimatam.
1255 1211 1579 1272 Senatum
1606 1218 1943 1289 praetores
1972 1230 2087 1290 per
2116 1213 2255 1274 dies
2280 1213 2540 1291 aliquot

450 1314 537 1374 ab
586 1319 731 1375 orto
777 1331 990 1391 usque
1039 1313 1125 1374 ad
1175 1311 1595 1373 occidentem
1640 1313 1852 1372 solem
1896 1312 1967 1372 in
2015 1313 2202 1373 curia
2249 1314 2537 1374 retinent

451 1415 930 1489 consultanteS,
992 1428 1289 1490 quonam
1349 1412 1515 1473 duce
1574 1418 1693 1472 aut
1754 1411 1991 1489 quibus
2048 1412 2261 1491 copiis
2318 1413 2537 1474 resisti

452 1513 821 1575 victoribus
867 1512 1107 1572 Poenis
1158 1517 1404 1589 posset.

377 1634 412 1684 5
620 1612 799 1673 VIII.
849 1613 1086 1689 Itaque
1129 1601 1218 1671 ad
1259 1611 1637 1672 remedium
1676 1609 1814 1671 iam
1860 1611 1974 1673 diu
2015 1629 2234 1690 neque
2283 1613 2538 1675 deside-

448 1718 674 1774 ratum
732 1730 854 1773 nec
915 1710 1322 1787 adhibitum,
1389 1710 1787 1772 dictatorem
1851 1711 2236 1790 dicendum,
2298 1700 2555 1774 civitas'

450 1812 772 1890 confugit.
865 1812 949 1872 Et
1007 1809 1164 1889 quia
1215 1815 1280 1870 et
1332 1810 1567 1870 consul
1620 1810 1877 1887 aberat,
1931 1829 1972 1871 a
2030 1829 2161 1889 quo
2213 1829 2351 1872 uno
2409 1812 2579 1874 dici·

453 1929 642 1989 posse
678 1911 1059 1987 videbatur,
1094 1927 1216 1970 nee
1255 1926 1370 1987 per
1403 1915 1808 1986 occupatam
1839 1910 2045 1971 armis
2079 1911 2349 1972 Punicis
2399 1913 2536 1973 Ita-

377 2028 414 2080 6
445 2012 611 2072 liam
661 2011 856 2072 facile
906 2016 1047 2071 erat
1100 2015 1218 2070 aut
1287 2009 1604 2069 nuntium
1656 2014 1773 2069 aut
1825 2009 2083 2072 litteras
2113 2011 2314 2090 mitti,
2355 2011 2533 2090 quod

448 2129 826 2189 numquam
848 2116 1004 2171 ante
1034 2126 1185 2170 eam
1217 2108 1394 2168 diem
1416 2107 1678 2168 factum
1707 2114 1872 2186 erat,
1899 2110 2295 2173 dictatorem
2323 2129 2537 2190 popu-

447 2213 551 2271 lus
579 2210 830 2272 creavit
858 2211 932 2288 Q.
961 2209 1249 2269 Fabium
1285 2207 1660 2268 Maximum
1686 2214 1750 2269 et
1790 2209 2191 2287 magistrum
2230 2212 2539 2290 equitum

375 2325 411 2375 7
447 2311 536 2371 Μ.
559 2311 933 2371 Minucium
958 2309 1246 2384 Rufum3
1292 2307 1507 2384 iisque
1527 2307 1874 2385 negotium
1901 2309 1987 2369 ab
2014 2317 2254 2372 senatu
2279 2313 2536 2389 datum,

444 2417 520 2472 ut
572 2429 800 2471 muros
851 2416 1201 2486 turresque
1254 2406 1441 2467 urbis
1493 2408 1839 2469 firmarent
1893 2415 1957 2470 et
2014 2411 2349 2487 praesidia
2408 2413 2537 2473 dis-

449 2516 792 2589 ponerent,
832 2509 1074 2588 quibus
1105 2507 1268 2568 locis
1289 2507 1653 2582 videretur,
1678 2514 2048 2587 pontesque
2081 2511 2537 2573 rescinderent

443 2611 828 2671 fluminum:
881 2626 998 2687 pro
1056 2608 1221 2668 urbe
1281 2624 1358 2666 ac
1420 2606 1778 2683 penatibus
1842 2609 2306 2672 dimicandum
2364 2630 2531 2689 esse,

449 2711 721 2788 quando
757 2710 1025 2771 Italiam
1060 2708 1234 2769 tueri
1269 2706 1684 2783 nequissent.
1822 2789 1826 2794 .

370 2833 404 2884 1
613 2811 728 2870 XI.
779 2810 884 2870 Ita
922 2808 1123 2869 rebus
1168 2805 1413 2869 divinis
1458 2806 1745 2882 peractis
1784 2813 1933 2869 tum
1977 2810 2055 2870 de
2101 2810 2274 2871 bello
2321 2812 2535 2891 deque

491 3043 570 3087 12.
627 3050 907 3086 cerneres:
938 3051 1019 3082 see
1047 3041 1110 3080 21.
1143 3041 1180 3079 4.
1211 3039 1248 3079 3.
1306 3046 1435 3090 gra.-

437 3109 701 3154 tulantis:
718 3119 815 3150 acc.
833 3109 1020 3158 plural;
1040 3109 1242 3147 “others
1253 3107 1438 3146 crowd-

436 3177 526 3226 ing
561 3177 756 3217 around
792 3177 930 3215 them
961 3175 1086 3215 with
1115 3167 1435 3224 congratula-

437 3244 547 3283 tion
577 3253 636 3284 or
669 3242 1034 3283 consolation.'’
1089 3240 1316 3292 gaudia:
1349 3240 1436 3279 the

436 3311 605 3357 Latin,
625 3309 895 3359 especially
913 3309 969 3348 in
994 3311 1188 3358 poetry,
1211 3316 1327 3346 uses
1349 3306 1436 3345 the

435 3378 602 3428 plural
636 3378 691 3416 ot
723 3378 955 3417 abstracta
989 3384 1159 3414 nouus
1193 3375 1316 3414 both
1354 3375 1434 3412 for

433 3444 691 3494 emphasis
721 3444 820 3483 and
851 3447 904 3482 to
937 3445 1147 3492 suggest
1167 3451 1197 3482 a
1216 3443 1433 3480 number

434 3513 486 3550 of
504 3511 785 3550 individual
804 3509 1077 3550 instances.

485 3580 562 3620 14.
620 3577 766 3620 orto:
795 3586 860 3616 sc.
885 3575 992 3615 sole.

431 3645 573 3686 VIII.
628 3645 734 3687 5-7.
783 3643 1002 3685 XI-XII.
1046 3642 1249 3685 Fabius
1274 3643 1431 3684 made

794 3709 1054 3752 Dictator.

480 3778 616 3818 VIII.
669 3777 712 3818 δ.
762 3775 1426 3819 dictatoremdicendum:

429 3844 484 3886 in
503 3844 796 3894 apposition
815 3842 939 3882 with
961 3843 1228 3882 remedium.
1270 3845 1429 3884 There

1542 3039 1641 3083 had
1686 3040 1810 3081 been
1847 3051 1913 3081 no
1947 3041 2170 3084 dictator
2203 3043 2275 3083 rei
2307 3043 2537 3094 yerendae

1540 3115 1683 3145 causa
1703 3107 1838 3148 since
1856 3110 1931 3148 249
1949 3117 2047 3150 Rc.

1591 3175 1638 3216 6.
1694 3175 1839 3225 quod
1860 3207 1871 3218 .
1898 3207 1910 3219 .
1931 3207 1943 3220 .
1967 3176 2178 3220 factum
2192 3179 2340 3223 erat:
2376 3173 2535 3220 retes-s

1541 3243 1593 3280 to
1615 3241 1699 3280 the
1717 3242 1931 3282 election
1945 3245 1998 3282 of
2017 3245 2102 3283 the
2122 3245 2343 3285 dictator
2356 3247 2421 3296 by
2450 3247 2535 3287 the

1539 3309 1725 3358 people.
1790 3310 2065 3360 Regularly
2101 3321 2195 3351 one
2224 3313 2278 3351 of
2313 3314 2399 3353 the
2434 3317 2534 3354 two

1537 3376 1739 3415 consuls
1758 3378 1939 3416 named
1960 3378 2045 3417 the
2062 3379 2298 3419 dictator.
2327 3429 2333 3435 ²

1590 3443 1634 3485 7.
1689 3443 1997 3494 negotium:
2034 3445 2301 3494 explained
2344 3447 2410 3497 by
2446 3447 2533 3488 the

1536 3509 1797 3559 following
1824 3511 2142 3550 substantive
2166 3512 2375 3553 clauses.
2430 3513 2531 3557 flu-

1534 3576 1766 3619 minum:
1786 3577 1862 3616 i.e.
1886 3577 1940 3616 in
1960 3579 2045 3616 the
2062 3577 2275 3629 vicinity
2288 3581 2341 3618 ot
2359 3579 2526 3620 Rome.

1584 3644 1670 3683 XI.
1727 3645 1773 3686 1.
1829 3645 1995 3688 rebus
2014 3643 2245 3688 divinis:
2264 3646 2531 3704 especially

1433 3713 1440 3724 '
1536 3712 1621 3750 the
1640 3721 1751 3750 vow
1765 3713 1819 3750 ot
1848 3713 1933 3751 the
1958 3720 2038 3750 ver
2064 3720 2263 3758 sacrum,
2280 3722 2339 3752 or
2358 3714 2529 3754 sacred

1534 3778 1723 3827 spring,
1743 3778 1998 3818 described
2018 3777 2072 3818 in
2090 3780 2175 3818 the
2202 3779 2417 3820 omitted
2434 3789 2530 3820 sec·

1536 3844 1682 3884 tions.
