2967 4384
577 227 686 283 158
1497 224 1561 279 ¹1¹.
1599 223 1764 280 uvr
2488 225 2609 294 [xx.
2632 225 2671 280 4

504 414 539 465 5
575 398 706 462 alia
753 418 824 462 re
864 418 1000 461 non
1046 399 1282 478 potuit,
1333 399 1529 460 ruina
1572 398 1987 478 Carthaginis
2038 398 2410 478 oppressit.’
2523 400 2669 462 Iam

573 501 699 561 hoc
733 501 955 578 ipsum
991 499 1408 580 praesagiens
1441 500 1667 560 animo
1704 505 2217 579 praeparaverat
2250 505 2403 561 ante
2436 516 2664 562 naveS.

573 601 808 678 Itaque
851 600 1071 661 inutili
1115 599 1406 660 militum
1447 599 1647 660 turba
1693 599 2002 679 praesidii
2046 599 2261 678 specie
2305 599 2376 660 in
2420 599 2668 678 oppida

575 700 815 760 Bruttii
849 699 1012 780 agri,
1053 716 1220 778 quae
1259 717 1473 778 pauca
1507 705 1691 760 metu
1724 699 1936 778 magis
1975 715 2179 776 quam
2209 700 2341 761 fide
2372 699 2669 761 contine-

503 813 542 866 6
581 800 842 878 bantur,
877 800 1169 878 dimissa,
1204 798 1383 877 quod
1412 799 1669 861 roboris
1697 799 1767 860 in
1794 799 2082 860 exercitu
2109 805 2250 861 erat
2278 799 2348 860 in
2374 799 2668 862 Africam

575 900 960 978 transvexit,
1021 899 1247 963 multis
1306 899 1520 962 Italici
1578 899 1856 980 generis,
1922 900 2034 978 qui
2090 899 2161 959 in
2218 900 2515 962 Africam
2568 918 2669 963 se-

577 1007 844 1063 cuturos
905 999 1275 1062 abnuentes
1340 1006 1799 1062 concesserant
1863 999 1933 1060 in
2011 999 2285 1061 Iunonis
2362 1000 2667 1062 Laciniae

581 1101 931 1162 delubrum
990 1100 1392 1163 inviolatum
1453 1102 1542 1162 ad
1605 1117 1756 1161 eam
1820 1099 2017 1178 diem,
2079 1099 2150 1160 in
2211 1100 2461 1180 templo
2522 1101 2668 1179 ipso

508 1215 545 1266 ‘1
578 1201 768 1262 foede
839 1201 1219 1264 interfectis
1334 1202 1513 1263 Raro
1603 1216 2012 1280 quemquam
2093 1199 2302 1262 alium
2387 1200 2672 1279 patriam

577 1301 752 1362 exilii
805 1319 1009 1363 causa
1061 1301 1550 1380 relinquentem
1602 1307 1744 1362 tam
1796 1307 2128 1362 maestum
2180 1300 2397 1362 abisse
2450 1300 2671 1363 ferunt

582 1417 785 1478 quam
859 1401 1312 1462 Hannibalem
1386 1401 1684 1462 hostium
1758 1406 1933 1462 terra
2009 1401 2454 1462 excedentem.
2543 1401 2673 1462 Re-

577 1500 863 1579 spexisse
909 1518 1105 1580 saepe
1150 1501 1381 1561 Italiae
1425 1501 1643 1577 litora,
1689 1506 1753 1561 et
1802 1500 1956 1561 deos
1998 1499 2433 1578 hominesque
2478 1517 2674 1562 accu-

579 1607 840 1663 santem
879 1601 950 1661 in
993 1619 1061 1662 se
1109 1618 1240 1679 quo
1249 1618 1373 1678 que
1414 1619 1495 1662 ac
1538 1617 1736 1661 suum
1778 1600 1984 1678 ipsius
2027 1605 2229 1678 caput
2274 1605 2672 1678 execratum,

508 1704 548 1758 8
586 1702 764 1779 quod
785 1718 922 1761 non
944 1705 1296 1762 cruentum
1317 1701 1406 1762 ab
1429 1700 1760 1762 Cannensi
1785 1700 2062 1762 victoria
2084 1700 2365 1761 militem
2386 1701 2675 1762 Romam

586 1800 895 1862 duxisset.
986 1799 1362 1878 Scipionem
1417 1799 1509 1861 ire
1566 1800 1656 1861 ad
1712 1799 2181 1880 Carthaginem
2236 1817 2499 1878 ausum,
2562 1800 2674 1878 qui

511 1906 549 1959 9
583 1901 813 1961 consul
860 1901 1122 1961 hostem
1169 1900 1468 1961 Poenum
1516 1899 1586 1960 in
1633 1899 1826 1961 Italia
1875 1917 2011 1960 non
2060 1899 2361 1977 vidisset3
2406 1917 2475 1961 se
2525 1917 2677 1961 cen-

581 2006 728 2061 tum
772 1999 1043 2061 milibus
1088 2005 1504 2061 armatorum
1546 1999 1635 2059 ad
1681 2000 2233 2077 Trasumennum,
2279 1999 2368 2060 ad
2414 1999 2676 2061 Cannas

584 2098 790 2161 caesis
829 2099 1002 2161 circa
1040 2099 1404 2160 Casilinum
1442 2099 1819 2176 Cumasque
1858 2104 1922 2159 et
1959 2099 2197 2159 Nolam
2234 2098 2675 2162 consenuisse.

583 2199 765 2260 Haec
851 2215 1172 2259 accusans
1263 2214 1672 2275 querensque
1760 2215 1838 2259 ex
1927 2197 2182 2259 diutina
2269 2198 2676 2277 possessione

584 2299 815 2360 Italiae
858 2303 957 2359 est
1003 2299 1356 2359 detractus.

517 2405 551 2456 1
756 2398 988 2459 XXVI.
1036 2400 1218 2459 Haec
1279 2414 1356 2458 eo
1413 2414 1593 2458 anno
1651 2397 1721 2457 in
1778 2397 2000 2459 Africa
2056 2403 2269 2478 gesta3
2326 2396 2679 2476 insequen-

585 2497 679 2558 tia
732 2498 1056 2558 excedunt
1106 2497 1176 2557 in
1228 2514 1384 2557 eum
1434 2512 1711 2573 annum,
1770 2514 1899 2575 quo
1951 2497 2041 2559 Μ.
2095 2495 2408 2558 Servilius
2461 2498 2679 2559 Gemi-

586 2615 734 2674 nus,
795 2597 906 2675 qui
958 2602 1105 2657 tum
1156 2596 1470 2675 magister
1524 2595 1826 2674 equitum
1878 2602 2040 2675 erat,
2094 2601 2159 2657 et
2211 2595 2305 2658 Ti.
2363 2597 2678 2659 Claudius

585 2699 755 2758 Nero
801 2698 1102 2758 consules
1146 2696 1307 2757 facti
1351 2701 1527 2758 sunt.

517 2805 554 2856 ‘1
757 2797 1014 2858 Eodem
1059 2813 1237 2858 anno
1287 2796 1361 2874 Q.
1413 2795 1658 2856 Fabius
1705 2796 2036 2858 Maximus
2084 2797 2363 2858 moritur
2410 2802 2677 2859 exactae

588 2895 844 2974 aetatis,
900 2896 956 2956 si
1015 2895 1285 2974 quidem
1339 2912 1577 2956 verum
1628 2900 1724 2955 est
1779 2913 2101 2975 augurem
2157 2898 2322 2958 duos
2375 2902 2440 2958 et
2493 2915 2679 2958 sexa-

517 3008 555 3060 8
586 2996 771 3075 ginta
825 3012 1038 3056 annos
1092 2995 1317 3072 fuisse,
1379 2995 1558 3073 quod
1619 2995 1894 3072 quidam
1947 3002 2247 3058 auctores
2301 3001 2477 3059 sunt.
2565 2996 2679 3056 Vir

587 3102 760 3157 certe
816 3094 943 3156 fuit
1003 3094 1239 3173 dignus
1293 3100 1482 3155 tanto
1540 3095 1953 3172 cognomine,
2012 3098 2117 3157 vel
2172 3096 2227 3157 si
2282 3113 2537 3158 novum
2590 3097 2679 3158 ab

585 3247 720 3355 23⁸&
739 3245 968 3355 Izunonis
994 3245 1275 3291 Laciniae:
1297 3255 1378 3286 see
1394 3250 1516 3287 note
1534 3249 1589 3287 to

1735 3246 1781 3290 7.
1835 3246 2026 3292 eodem
2054 3255 2222 3292 anno:
2244 3249 2331 3290 the
2357 3257 2482 3298 year
2509 3247 2599 3295 20⁸,
2620 3257 2679 3290 as

1684 3313 1726 3354 is
1744 3315 1878 3356 clear
1912 3316 2045 3356 trom
2079 3316 2166 3356 the
2200 3315 2415 3356 omitted
2442 3315 2676 3356 sections.

639 3383 686 3426 9.
739 3379 954 3426 Nolam:
971 3379 1240 3422 Marcellus
1257 3380 1590 3430 succeseruily

585 3446 830 3489 defended
859 3447 991 3488 Nola
1017 3447 1223 3496 against.
1250 3447 1508 3488 Hannibal
1534 3446 1589 3487 in

585 3515 664 3556 815
722 3521 821 3556 nc.
910 3512 1286 3565 possessione:
1352 3523 1383 3555 a
1455 3514 1590 3564 legal

587 3582 794 3634 phras03
833 3590 1070 3632 compare
1086 3590 1193 3627 um.
1210 3582 1273 3621 22.
1295 3581 1358 3622 44.
1379 3581 1416 3622 6.

587 3693 777 3741 XXVI.
832 3700 877 3742 1.
933 3698 1043 3741 7-9.
1097 3697 1277 3740 Death
1305 3697 1368 3740 of
1385 3698 1591 3741 Fabius

948 3765 1229 3808 Maximae.

641 3849 690 3896 1.
743 3855 868 3893 eum
888 3854 1114 3893 annum:
1136 3848 1213 3888 ie.
1243 3847 1320 3888 2⁰2
1337 3855 1434 3889 nc.

1684 3380 1736 3424 si
1779 3381 2023 3432 quidem:
2067 3382 2155 3424 the
2197 3382 2369 3424 clause
2409 3381 2553 3432 gives
2593 3383 2680 3422 the

1683 3449 1832 3500 proot
1849 3449 1904 3488 οι·
1920 3448 2105 3488 exactae
2124 3448 2308 3488 aetatis.
2570 3459 2585 3468 ‘

1733 3515 1784 3558 8.
1836 3514 2001 3559 tanto
2035 3515 2381 3566 cognomine:
2421 3515 2501 3556 1.e.
2522 3514 2677 3557 Maxi·

1684 3591 1811 3622 mus.
1866 3581 1917 3625 si
1952 3580 2252 3632 inciperet:
2282 3582 2371 3623 the
2398 3589 2679 3633 cognomen

1684 3649 1738 3688 ot
1770 3648 1853 3689 his
1886 3649 2223 3698 grandfather
2255 3657 2363 3690 was
2400 3650 2489 3690 the
2520 3655 2672 3690 same.

1684 3714 1904 3760 Rullus:
1925 3715 1980 3764 Q.
2003 3714 2195 3756 Fabius
2212 3714 2469 3757 Maximus
2482 3713 2675 3760 Rullus.

1686 3782 1782 3821 five
1801 3782 1950 3823 times
1968 3782 2145 3823 consul
2162 3782 2262 3822 and
2290 3782 2376 3822 the
2398 3787 2679 3832 conqueror

1685 3849 1739 3889 ot
1758 3850 1842 3890 the
1862 3848 2116 3891 Samnites
2135 3853 2192 3890 at.
2210 3847 2491 3891 Sentinum.
