2967 4384
203 1474 270 1728 111‘20·

486 249 558 307 28
1401 247 1471 306 Τ.
1508 247 1677 306 Lm
2321 249 2520 320 [xxvii.
2548 251 2587 308 8

488 423 579 484 ad
614 422 1080 500 excipiendum
1113 421 1377 483 adversi
1410 423 1743 499 impetum
1775 422 2070 484 fluminis
2108 429 2297 501 parte
2332 422 2584 502 superi-

492 540 600 584 ore
645 521 1108 584 transmittens
1150 521 1711 601 tranquillitatem
1746 521 1922 584 infra
1964 522 2425 585 traicientibus
2459 524 2585 584 lin-

417 629 454 680 9
495 621 706 684 tribus
761 620 1147 700 praebebat.
1241 622 1589 700 Equorum
1641 639 1793 699 pars
1841 639 2088 700 magna
2137 629 2379 684 nantes
2427 623 2585 685 loris

489 740 531 783 a
605 720 942 800 puppibus
1016 719 1457 782 trahebantur
1520 727 1781 799 praeter
1840 739 1976 800 eos,
2034 739 2199 800 quos
2257 723 2583 784 instratos

486 821 944 899 frenatosque,
991 825 1070 881 ut
1113 821 1449 899 extemplo
1495 837 1756 898 egresso
1798 821 1869 881 in
1912 821 2129 900 ripam
2175 822 2390 900 equiti
2434 823 2587 883 usui

303 899 390 1016 >
420 933 452 983 1
491 926 734 999 essent,
762 921 1201 998 inposuerant
1225 919 1296 980 in
1323 937 1551 982 naves,
1575 917 1979 1018 )<XXV111.
2033 921 2201 983 Galli
2231 928 2587 983 occursant

489 1014 562 1075 in
603 1014 749 1092 ripa
793 1031 948 1074 cum
994 1012 1194 1074 variis
1236 1013 1605 1075 ululatibus
1649 1020 1989 1093 cantuque
2031 1015 2235 1076 moris
2277 1015 2381 1076 sui
2428 1032 2587 1094 qua-

498 1113 737 1175 tientes
794 1119 987 1175 scuta
1044 1129 1242 1190 super
1299 1113 1526 1192 capita
1585 1113 2062 1193 vibrantesque
2123 1115 2369 1176 dextris
2433 1116 2587 1192 tela,

420 1228 456 1277 2
497 1223 910 1286 quamquam
935 1211 1007 1268 et
1031 1223 1111 1267 ex
1135 1206 1419 1267 adverso
1451 1206 1746 1268 terrebat
1776 1213 1970 1270 tanta
1999 1208 2099 1269 vis
2125 1208 2407 1269 navium
2434 1224 2589 1269 cum

491 1300 746 1377 ingenti
790 1316 953 1361 sono
996 1299 1290 1360 fluminis
1332 1305 1402 1361 et
1446 1300 1733 1362 clamore
1778 1301 1964 1362 vario
2007 1307 2373 1362 nautarum
2416 1300 2587 1361 mili-

276 1402 338 1492 ῥ’
499 1406 798 1478 tumque,
839 1405 909 1460 et
950 1399 1063 1478 qui
1102 1398 1496 1460 nitebantur
1537 1416 1959 1478 perrumpere
1998 1400 2176 1478 impe
2187 1407 2332 1462 tum
2369 1400 2587 1462 flumi-

266 1508 279 1521 ‘
492 1500 596 1561 nis
637 1506 708 1561 et
757 1499 869 1580 qui
914 1516 993 1560 ex
1036 1500 1250 1560 altera
1293 1498 1439 1578 ripa
1490 1499 1869 1561 traicientes
1914 1517 2069 1561 suos
2104 1498 2588 1576 hortabantur;

381 1613 456 1663 .3
493 1606 563 1662 et
613 1600 751 1661 iam
802 1598 967 1661 satis
1022 1605 1345 1677 paventes
1395 1599 1683 1661 adverso
1738 1599 2036 1661 tumultu
2093 1599 2446 1660 terribilior
2500 1598 2588 1661 ab

500 1706 682 1777 tergo
721 1700 1001 1761 adortus
1040 1701 1291 1760 clamor
1329 1699 1567 1760 castris
1604 1698 1691 1760 ab
1735 1699 2067 1760 Hannone
2106 1699 2345 1778 captiS.
2435 1699 2589 1760 Mox

495 1805 565 1862 et
594 1799 736 1888 ipse
767 1799 1026 1877 aderat,
1058 1817 1437 1878 ancepsque
1474 1805 1683 1860 terror
1717 1798 2200 1861 circumstabat
2230 1804 2302 1860 et
2332 1815 2368 1860 e
2399 1799 2588 1860 navi-

498 1899 622 1963 bus
659 1905 851 1961 tanta
884 1899 951 1960 vi
986 1905 1403 1961 armatorum
1431 1899 1503 1960 in
1539 1905 1785 1960 terram
1815 1899 2148 1961 evadente
2178 1904 2249 1960 et
2285 1898 2373 1961 ab
2402 1906 2585 1978 tergo

423 2013 460 2064 4
494 2000 835 2079 inprovisa
876 2005 1216 2078 premente
1253 2001 1415 2063 acie.
1514 2000 1682 2060 Galli
1723 2005 2085 2079 postquam
2122 2005 2410 2078 utroque
2453 1998 2591 2060 vim

495 2093 711 2155 facere
739 2093 962 2155 conati
991 2093 1431 2172 pellebantur,
1463 2110 1595 2172 qua
1624 2098 1850 2190 patere
1881 2092 2100 2155 visum
2125 2094 2413 2154 maxime
2439 2093 2591 2170 iter,

501 2197 940 2272 perrumpunt
981 2193 1354 2272 trepidique
1391 2193 1462 2254 in
1502 2193 1683 2254 vicos
1724 2193 1972 2271 passim
2008 2211 2164 2255 suos
2206 2192 2588 2270 diffugiunt.

501 2286 840 2348 Hannibal
872 2286 1105 2348 ceteris
1142 2286 1346 2364 copiis
1382 2302 1496 2365 per
1528 2286 1744 2347 otium
1778 2286 2074 2365 traiectis
2106 2303 2423 2364 spernens
2454 2286 2592 2347 iam

504 2386 785 2448 Gallicos
825 2387 1155 2448 tumultus
1191 2392 1412 2448 castra
1444 2387 1642 2448 locat.

293 2411 460 2604 75
662 2485 1190 2565 Elephantorum
1237 2485 1754 2548 traiciendorum
1804 2485 1994 2548 varia
2050 2485 2325 2548 consilia
2379 2485 2582 2548 fuisse

367 2600 449 2672 r>
497 2585 715 2663 credo,
772 2592 943 2647 certe
996 2584 1211 2648 variat
1267 2585 1591 2647 memoria
1640 2592 1876 2670 flat-Q-
1899 2585 2013 2664 rei.
2099 2587 2388 2666 Quidam
2431 2603 2589 2648 con-

495 2685 780 2764 gregatis
825 2685 911 2745 ad
955 2684 1174 2763 ripam
1228 2684 1600 2765 elephantis
1657 2686 1929 2748 tradunt
1982 2685 2469 2748 ferocissimum
2510 2702 2589 2746 ex

488 2785 596 2866 -ij-s„
605 2784 951 2846 inritatum
979 2785 1064 2846 ab
1095 2789 1342 2846 rectore
1371 2803 1517 2866 su0,
1540 2802 1704 2846 cum
1746 2769 2185 2864 refugientem
2226 2786 2298 2846 in
2341 2803 2590 2863 aquam

498 2890 774 2944 nantem
827 2889 1230 2962 sequeretur,
1287 2884 1561 2945 traxisse
1634 2903 1920 2964 gregem,
1980 2891 2065 2952 ut¹
2118 2902 2449 2963 quemque
2506 2885 2589 2946 ti-

498 2990 792 3045 mentem
847 2983 1264 3045 altitudinem
1329 2983 1710 3046 destitueret
1783 2984 2061 3062 vadum,
2118 2984 2375 3063 impetu
2438 2984 2585 3064 ipso
2630 2971 2635 2976 ’

550 3187 598 3229 9.
654 3193 785 3236 pare
821 3186 1042 3233 nantes:
1088 3190 1378 3237 agreement
1421 3195 1496 3227 ac·
1598 3184 1841 3230 XXVIII.
1863 3187 2003 3231 5-12.
2050 3185 2167 3230 The
2180 3185 2483 3238 Elephants
2500 3196 2590 3229 are

499 3252 709 3302 cording
730 3256 782 3292 to
802 3240 1050 3293 sens&N
1630 3252 1999 3303 Transported
2025 3253 2223 3298 Aeross
2247 3254 2344 3297 the
2371 3253 2552 3296 River.

551 3319 784 3359 XXVIII.
828 3319 874 3362 1.
921 3319 1095 3363 moris
1119 3318 1494 3362 su12descrlbes
1650 3321 1692 3363 5.
1750 3321 1912 3365 actae
1939 3320 2045 3365 rei:
2088 3323 2175 3362 “ot
2216 3321 2303 3361 the
2348 3322 2591 3371 perform·

499 3384 654 3424 cantu.
711 3384 986 3426 “National
1005 3387 1209 3435 songs.”
1582 3373 1766 3427 'ance.’‘
1819 3387 1951 3436 Livy
1985 3388 2143 3428 round
2177 3387 2233 3428 in
2274 3387 2355 3428 his
2389 3396 2591 3428 sources

550 3453 597 3495 2.
651 3451 953 3495 nautarum
983 3451 1360 3502 mustumque:
1391 3456 1494 3493 two
1594 3452 1812 3503 varying
1842 3459 2084 3495 accounts
2112 3456 2166 3495 ot
2197 3454 2281 3495 the
2298 3462 2510 3494 manner
2535 3453 2591 3492 in

499 3517 730 3558 different,
749 3517 998 3558 divisions
1015 3519 1069 3558 ot
1095 3519 1181 3558 the
1194 3518 1495 3568 Carthagin—
1594 3520 1758 3561 which
1796 3521 1882 3560 the
1914 3520 2181 3570 elephants
2222 3529 2353 3560 were
2394 3520 2589 3560 carried

498 3584 614 3625 1ans
656 3588 711 3624 at
764 3585 848 3624 the
891 3593 1030 3626 same
1067 3584 1202 3630 time,
1242 3594 1298 3625 as
1333 3584 1379 3625 is
1413 3594 1497 3625 ex-

499 3650 702 3702 plained
746 3650 801 3692 in
847 3652 931 3690 the
976 3651 1236 3702 following
1279 3652 1493 3692 relative

499 3719 709 3761 clauses.

551 3785 597 3829 8.
653 3793 984 3836 ancepsque:
1007 3786 1172 3825 “from
1202 3787 1303 3824 two
1339 3784 1492 3826 direc-

498 3852 682 3894 tions.'‘

1556 3601 1559 3604 ⁴
1594 3595 1767 3628 across
1786 3588 1873 3627 the
1886 3586 2042 3634 river:
2074 3587 2176 3628 this
2188 3586 2514 3636 discrepancy
2528 3587 2589 3626 he

1592 3661 1837 3703 supposes
1865 3657 1921 3693 to
1948 3655 2007 3694 be
2024 3654 2120 3693 due
2149 3657 2203 3694 to
2226 3655 2312 3694 the
2343 3654 2448 3694 raet
2474 3653 2590 3694 that

1592 3719 1825 3759 different,
1854 3720 2001 3769 plans
2033 3729 2163 3760 were
2189 3719 2460 3770 originally
2476 3729 2589 3769 sug-

1592 3787 1779 3835 gested.
1833 3786 2073 3832 rectore:
2099 3788 2219 3827 “the
2239 3787 2471 3837 keeper.”
2521 3786 2587 3829 ut

1597 3881 1608 3895 .
1634 3882 1645 3896 .
1671 3883 1681 3894 .
1705 3851 1926 3898 vadum:
1955 3853 2039 3892 the
2069 3852 2267 3894 Roman
2285 3854 2486 3896 writers
2502 3852 2590 3896 did
