2967 4384
953 565 1356 678 ΤΙΤΙ
1459 569 1881 684 LIVI

851 812 993 879 AB
1073 812 1384 878 URBE
1463 810 1987 904 CONDITA

1158 1055 1418 1115 LIBER
1488 1053 1672 1114 XXX

538 1188 591 1250 Ι.
639 1188 756 1249 Cn.
813 1187 1124 1249 Servilius
1178 1193 1242 1248 et
1297 1186 1367 1247 C.
1437 1186 1749 1248 Servilius
1804 1188 2105 1247 consules
2134 1220 2215 1228 ·——
2240 1194 2461 1250 sextus
2495 1199 2527 1249 1

371 1287 663 1350 decimus
701 1287 758 1348 is
797 1304 1014 1348 annus
1057 1287 1208 1348 belli
1246 1287 1477 1348 Punici
1505 1292 1745 1347 erat—
1767 1303 1922 1346 cum
1965 1287 2042 1346 de
2083 1303 2151 1346 re
2196 1287 2460 1365 publica

371 1387 671 1465 belloque
713 1392 777 1448 et
833 1386 1187 1464 provinciis
1235 1387 1324 1447 ad
1379 1392 1688 1447 senatum
1726 1385 2151 1463 rettulissent,
2192 1403 2462 1448 censue-

365 1491 520 1546 runt
565 1492 804 1565 patres,
838 1491 914 1546 ut
962 1487 1264 1546 consules
1304 1485 1475 1546 inter
1522 1503 1591 1546 se
1642 1490 2105 1564 compararent
2154 1487 2462 1548 sortiren-

364 1592 581 1663 turve,
631 1591 778 1646 uter
829 1586 1122 1647 Bruttios
1173 1586 1496 1647 adversus
1545 1585 2019 1662 Hannibalem,
2070 1591 2219 1646 uter
2266 1586 2462 1647 Etru-

363 1685 535 1746 riam
567 1703 644 1748 ac
695 1685 963 1764 Ligures
1000 1685 1414 1763 provinciam
1464 1685 1762 1760 haberet.
1852 1687 1923 1748 P.
1981 1687 2270 1766 Scipioni
2324 1706 2460 1749 non
2497 1697 2569 1749 10

364 1785 703 1864 temporiS,
757 1786 874 1846 sed
928 1785 1020 1846 rei
1074 1786 1400 1864 gerendae
1454 1786 1609 1863 fine,
1668 1786 1875 1848 donec
1935 1788 2339 1849 debellatum
2389 1789 2459 1849 in

362 1885 585 1946 Africa
639 1885 831 1962 foret,
891 1890 1321 1964 prorogatum
1373 1884 1731 1964 imperium
1786 1891 1907 1965 est,
1968 1889 2457 1967 decretumque,

363 1990 439 2047 ut
495 1985 891 2063 supplicatio
949 1985 1156 2062 fieret,
1220 1985 1398 2063 quod
1454 1985 1510 2046 is
1567 1985 1637 2045 in
1692 1986 1987 2048 Africam
2049 1988 2460 2065 provinciam
2496 1998 2565 2048 11

363 2085 746 2162 traiecisset,
795 2090 869 2146 ut
917 2103 997 2146 ea
1043 2103 1147 2146 res
1193 2084 1500 2145 salutaris
1553 2087 1797 2163 populo
1846 2087 2153 2148 Romano
2199 2088 2457 2166 ipsique

370 2185 521 2247 duci
559 2191 760 2264 atque
801 2184 1112 2246 exercitui
1150 2190 1338 2247 esset.

534 2287 653 2348 ΙΙΙ.
700 2286 822 2348 His
868 2285 1218 2350 transactis
1290 2287 1592 2348 consules
1646 2294 2109 2367 praetoresque
2178 2288 2248 2349 in
2314 2306 2459 2366 pro·
2498 2298 2531 2348 1

366 2386 618 2449 vincias
676 2387 972 2464 profecti.
1066 2385 1390 2447 Omnibus
1443 2391 1694 2464 tamen,
1753 2391 1934 2450 velut
1988 2406 2140 2450 eam
2192 2388 2458 2465 sortitiS,

362 2487 621 2548 Africae
660 2504 818 2548 cura
857 2493 1019 2564 erat,
1058 2505 1175 2548 seu
1217 2486 1371 2564 quia
1408 2486 1499 2547 ibi
1538 2505 1878 2549 summam
1916 2506 2138 2550 rerum
2177 2487 2458 2566 bellique

366 2587 534 2647 verti
571 2588 929 2649 cernebant
967 2605 1085 2649 seu
1121 2591 1196 2648 ut
1234 2585 1524 2663 Scipioni
1562 2589 2113 2666 gratificarentur,
2151 2589 2221 2649 in
2263 2604 2460 2666 quem

361 2692 510 2746 tum
551 2688 765 2749 omnis
809 2706 1012 2750 versa-
1044 2687 1278 2749 civitas
1327 2690 1489 2747 erat.
1580 2687 1815 2767 Itaque
1858 2706 1995 2749 non
2038 2706 2117 2750 ex
2157 2686 2458 2749 Sardinia
2494 2696 2530 2747 2

361 2791 649 2865 tantum,
693 2789 810 2849 sed
855 2806 934 2849 ex
977 2787 1195 2849 Sicilia
1245 2801 1509 2863 quoque
1556 2793 1621 2848 et
1672 2788 1999 2866 Hispania
2063 2787 2458 2850 vestimenta

361 2885 929 2966 frumentumque,
969 2893 1033 2949 et
1070 2904 1261 2948 arma
1298 2884 1504 2945 etiam
1541 2905 1619 2946 ex
1657 2886 1874 2949 Sicilia
1912 2893 1977 2949 et
2016 2905 2212 2949 omne
2249 2903 2456 2966 genus

363 2992 772 3048 commeatus
827 3005 904 3048 eo
962 2986 1421 3066 portabantur.
1511 2985 1641 3047 Nec
1697 2986 1914 3065 Scipio
1968 2990 2104 3049 ullo
2157 2993 2454 3066 tempore
2492 2989 2528 3042 3

361 3085 597 3147 hiemis
638 3086 788 3150 belli
826 3104 1028 3164 opera
1063 3086 1428 3160 remiserat,
1471 3102 1639 3163 quae
1676 3089 1889 3148 multa
1924 3088 2122 3149 simul
2156 3087 2453 3166 undique

363 3202 517 3246 eum
567 3185 1114 3248 circumstabant:
1165 3186 1431 3248 Uticam
1483 3185 1861 3262 obsidebat;
1912 3192 2128 3248 castra
2178 3187 2247 3247 in
2299 3204 2455 3248 con-

363 3345 403 3390 1.
476 3348 521 3391 1.
576 3349 654 3392 10.
726 3349 804 3393 11.
867 3348 960 3393 111.
1027 3350 1134 3394 1-5.
1197 3350 1360 3393 Plans
1453 3350 1573 3399 only
1590 3351 1738 3390 when
1767 3348 1849 3391 his
1868 3349 1985 3392 task
2003 3350 2103 3390 had
2121 3349 2245 3390 been
2262 3357 2452 3390 accom-

462 3413 524 3456 of
534 3415 630 3458 the
653 3414 885 3458 Romans
899 3415 981 3458 for
1001 3415 1114 3460 203
1135 3415 1256 3459 Rc,
1451 3416 1662 3466 pushed.

414 3478 459 3523 1.
515 3481 792 3526 consules:
819 3483 874 3522 ot
902 3483 988 3522 the
1011 3492 1133 3532 year
1160 3483 1237 3522 203
1254 3489 1353 3524 no.
1501 3482 1589 3523 111.
1649 3484 1695 3527 1.
1752 3489 1895 3527 eam:
1986 3491 2055 3523 sc.
2133 3480 2445 3532 provinciam.

415 3547 493 3590 10.
538 3547 827 3598 temporis:
855 3557 922 3589 sc.
945 3547 1057 3597 fine.
1111 3548 1204 3590 His
1227 3559 1357 3590 com-
1451 3557 1742 3594 summam:
1770 3551 1833 3591 cf.
1854 3551 1915 3590 21.
1942 3551 1975 3588 1.
2001 3552 2035 3589 1.

361 3612 515 3653 mand
549 3614 732 3654 should
758 3614 1033 3656 terminate
1066 3619 1159 3656 not
1186 3620 1242 3656 at
1271 3616 1356 3656 the
1503 3617 1547 3660 3.
1603 3615 1825 3660 hiemis:
1889 3617 1974 3656 the
2024 3615 2208 3656 winter
2254 3616 2308 3655 ot
2358 3615 2449 3656 204-

359 3679 650 3730 expiration
683 3681 739 3721 ot
772 3689 874 3732 any
901 3681 1032 3722 flxed
1077 3681 1216 3730 time.
1262 3684 1355 3723 but.
1448 3683 1523 3724 203
1543 3691 1589 3722 B.
1614 3689 1658 3722 c.

1371 3749 1444 3790 155
