2967 4384
469 245 540 299 ‘10
1378 247 1440 298 Τ.
1481 245 1648 300 Lm
2320 248 2503 315 [xxiv.
2530 250 2563 302 ὕ

399 431 434 483 5
468 419 743 479 retentis
785 417 1058 493 dimisit,
1100 417 1253 480 dein
1289 425 1511 480 castra
1546 419 1695 496 ipsa
1734 419 2009 497 propius
2045 420 2309 482 hostem
2345 419 2581 496 movit,
2610 447 2615 452 -

473 519 605 580 duo
663 519 871 580 ferme
928 537 969 580 a
1024 518 1349 580 Gereonio
1405 519 1595 580 milia
1647 519 1718 579 in
1771 520 2115 580 tumulum
2168 519 2346 581 hosti
2401 537 2558 581 con-

468 624 796 697 spectum,
842 623 915 679 ut
958 618 1297 679 intentum
1337 636 1407 680 se
1451 619 1650 680 sciret
1693 636 1834 680 esse
1878 620 1968 681 ad
2009 621 2554 697 frumentatoreS‚

398 723 435 775 6
467 718 522 778 si
564 736 696 796 qua
732 719 834 780 vis
868 718 1077 794 fieret,
1112 719 1457 792 tutandos.
1550 719 1830 796 Propior
1862 719 2021 780 inde
2057 720 2118 781 ei
2153 726 2357 798 atque
2392 720 2556 798 ipsis

465 819 827 880 imminens
886 819 1354 879 Romanorum
1414 819 1650 880 castris
1709 820 2014 880 tumulus
2074 819 2420 898 apparuit;
2466 819 2557 881 ad

472 936 671 996 quem
704 918 1112 996 capiendum
1143 919 1198 978 si
1229 919 1377 980 luce
1414 919 1643 996 palam
1672 919 1903 996 iretur,
1945 918 2101 997 quia
2130 919 2319 981 haud
2355 919 2554 981 dubie

465 1018 676 1079 hostis
715 1018 1016 1079 breviore
1054 1018 1166 1079 via
1202 1024 1692 1096 praeventurus
1726 1024 1893 1096 erat,
1928 1025 2123 1080 nocte
2160 1020 2335 1080 clam
2367 1019 2554 1084 missi

397 1121 434 1175 7
464 1118 795 1180 Numidae
856 1123 1198 1196 ceperunt.
1293 1117 1473 1197 Quos
1530 1119 1821 1180 tenentis
1879 1120 2107 1179 locum
2164 1125 2555 1198 contempta

469 1218 804 1296 paucitate
846 1219 1138 1279 Romani
1180 1223 1444 1296 postero
1490 1217 1593 1279 die
1635 1234 1792 1279 cum
1835 1218 2249 1295 deiecissent,
2289 1218 2419 1296 ipsi
2474 1237 2554 1280 eo

394 1325 434 1378 8
465 1320 877 1379 transferunt
911 1324 1151 1380 castra.
1244 1318 1416 1398 Tum
1445 1318 1680 1396 utique
1714 1318 2030 1397 exiguum
2062 1319 2264 1396 spatii
2296 1319 2554 1380 vallum

465 1437 506 1480 a
551 1420 730 1480 vallo
775 1416 1033 1494 aberat,
1081 1424 1146 1478 et
1188 1417 1259 1478 id
1303 1419 1531 1497 ipsum
1573 1423 1796 1480 totum
1842 1435 2048 1496 prope
2095 1419 2552 1496 compleverat

464 1520 775 1580 Romana
821 1518 1019 1579 acies.
1111 1517 1320 1579 Simul
1368 1523 1432 1579 et
1483 1535 1600 1596 per
1646 1535 1888 1580 aversa
1932 1525 2157 1580 castra
2202 1519 2547 1597 equitatus

465 1635 621 1678 cum
642 1617 776 1679 levi
799 1624 1146 1679 armatura
1167 1618 1451 1679 emissus
1473 1617 1545 1678 in
1568 1619 2092 1680 frumentatores
2113 1619 2247 1680 late
2274 1636 2389 1680 cae
2398 1619 2552 1680 dem

392 1727 428 1777 9
462 1718 831 1797 fugamque
878 1717 1176 1779 hostium
1226 1720 1608 1795 palatorum
1654 1718 1833 1780 fecit.
1924 1719 2057 1780 Nec
2106 1717 2247 1781 acie
2296 1725 2551 1780 certare

462 1818 808 1879 Hannibal
866 1834 1093 1894 ausuS,
1158 1817 1314 1895 quia
1371 1823 1565 1879 tanta
1625 1818 1961 1896 paucitate
2027 1818 2139 1880 vix
2193 1824 2436 1896 castra,
2494 1819 2551 1880 si

356 1928 427 1980 10
463 1922 1030 1995 oppugnarentur,
1076 1917 1289 1978 tutari
1328 1923 1607 1995 poterat.
1699 1918 1977 1995 Iamque
2033 1917 2286 1980 artibus
2342 1917 2548 1995 Fabii,

462 2017 758 2078 sedendo
777 2022 842 2078 et
869 2017 1275 2094 cunctandO,
1299 2016 1552 2078 bellum
1573 2018 1847 2097 gerebat
1870 2024 2348 2096 receperatque
2393 2036 2551 2079 suos

463 2117 534 2176 in
596 2117 817 2195 priora
859 2123 1101 2194 castra,
1167 2133 1335 2194 quae
1366 2125 1370 2128 ’
1399 2135 1519 2195 pro
1580 2118 1861 2179 Gereoni
1920 2119 2275 2180 moenibus
2332 2124 2546 2190 erant.

354 2217 424 2267 11
458 2217 646 2278 Iusta
692 2234 956 2295 quoque
999 2216 1139 2278 acie
1183 2223 1246 2278 et
1288 2217 1549 2278 collatis
1589 2216 1795 2296 signis
1840 2218 2235 2279 dimicatum
2269 2217 2547 2296 quidam

352 2320 426 2370 14
459 2323 765 2378 auctores
798 2323 974 2378 sunt.
1038 2316 1161 2377 Sex
1194 2316 1380 2378 milia
1412 2317 1710 2378 hostium
1738 2335 1956 2394 caesa,
1981 2317 2277 2396 quinque
2311 2318 2546 2379 admo-

462 2418 624 2478 dum
645 2419 1139 2492 Romanorum;
1160 2422 1391 2477 tamen
1412 2418 1483 2477 in
1506 2423 1649 2478 tam
1676 2417 1819 2495 pari
1846 2435 2051 2495 prope
2078 2418 2267 2479 clade
2292 2434 2546 2479 vanam

456 2518 714 2578 famam
748 2516 1048 2595 egregiae
1086 2517 1405 2577 victoriae
1442 2534 1599 2577 cum
1635 2516 2028 2578 vanioribus
2061 2516 2299 2578 littoris
2333 2517 2544 2596 magi-

455 2617 574 2678 stri
620 2617 926 2694 equitum
971 2617 1262 2676 Romam
1311 2617 1659 2694 perlatam.

383 2721 416 2772 1
626 2717 827 2778 XXV.
878 2718 974 2776 De
1027 2715 1132 2776 his
1184 2716 1386 2776 rebus
1443 2733 1761 2794 persaepe
1815 2723 1880 2778 et
1933 2717 2003 2777 in
2057 2722 2299 2778 senatu
2351 2722 2418 2778 et
2471 2717 2542 2777 in

387 2818 422 2868 2
456 2817 765 2877 contione
807 2822 1037 2877 actum
1077 2821 1198 2876 est.
1290 2814 1461 2876 Cum
1501 2817 1679 2877 laeta
1721 2815 1992 2878 civitate
2039 2816 2325 2878 dictator
2364 2832 2541 2879 unus

454 2916 621 2975 nihil
660 2934 782 2976 nec
822 2915 1046 2976 famae
1087 2933 1209 2976 nec
1249 2915 1486 2976 litteris
1529 2917 1824 2978 crederet
1866 2922 1953 2993 et,
1994 2921 2070 2976 ut
2112 2933 2272 2978 vera
2312 2917 2541 2978 omnia

455 3022 696 3092 essent,
734 3017 1031 3076 secunda
1067 3033 1134 3076 se
1172 3015 1387 3094 magis
1430 3032 1635 3093 quam
1670 3016 1960 3077 adversa
1993 3015 2227 3077 timere
2268 3015 2537 3094 diceret,

383 3124 418 3174 3
452 3121 601 3176 tum
631 3116 721 3177 M.
757 3115 1050 3176 Metilius
1080 3114 1394 3176 tribunus
1431 3115 1642 3193 plebis
1674 3115 1745 3176 id
1778 3116 1959 3176 enim
1991 3133 2150 3177 vero
2182 3115 2541 3176 ferendum

378 3220 417 3270 4
453 3233 592 3276 esse
624 3220 851 3294 negat:
899 3233 1036 3275 non
1071 3221 1492 3292 praesentem
1522 3217 1741 3292 solum
1776 3216 2170 3276 dictatorem
2201 3215 2537 3277 obstitisse

452 3315 546 3376 rei
586 3316 750 3376 bene
797 3316 1150 3393 gerendae,
1189 3315 1304 3376 sed
1349 3315 1700 3377 absentem
1744 3315 1949 3376 etiam
1992 3320 2216 3394 gestae
2269 3315 2536 3377 obstare

502 3532 546 3573 6.
599 3529 800 3573 iretur:
865 3539 896 3570 a
947 3529 1121 3568 future
1186 3528 1446 3570 condition
1592 3529 1670 3573 11.
1724 3528 1901 3573 iusta:
1945 3529 2180 3580 “regular
2210 3528 2313 3570 line
2344 3530 2397 3570 of
2431 3530 2536 3570 bat-

451 3599 585 3638 trom
602 3607 632 3638 a.
651 3603 767 3646 past,
785 3595 932 3648 point
951 3597 1003 3634 ot
1023 3596 1161 3635 view.
1541 3597 1658 3636 tle.''
1709 3597 1782 3637 ct.
1804 3599 1866 3636 21.
1886 3597 1948 3636 53.
1974 3598 2008 3636 1.

502 3666 549 3708 8.
604 3671 806 3707 aversa.
841 3663 1050 3706 castra:
1097 3664 1214 3702 “the
1242 3671 1357 3702 rear
1392 3663 1445 3702 ot
1593 3664 1671 3706 14.
1726 3672 1893 3707 caesa
1923 3693 1935 3707 .
1977 3694 1989 3706 .
2030 3693 2043 3706 .
2081 3660 2381 3714 perlatam:
2412 3663 2536 3702 indi-

451 3733 535 3772 the
554 3731 749 3781 camp.''
1540 3734 1646 3768 rect
1670 3736 1846 3780 report
1864 3731 1917 3770 ot
1936 3730 2020 3770 the
2040 3727 2234 3778 quidam
2252 3730 2481 3769 auctores.

502 3799 579 3841 10.
635 3795 893 3840 sedendo:
935 3795 1220 3846 appositive
1249 3799 1302 3835 to
1330 3795 1444 3835 arti·
1590 3797 1743 3836 XXV.
1800 3797 1846 3840 2.
1902 3797 1987 3840 ut:
2017 3796 2315 3836 concessive.

450 3863 550 3905 bus.
1588 3863 1637 3905 4.
1692 3861 1777 3906 rei
1805 3863 1942 3906 bene
1962 3862 2260 3913 gerendae:
2289 3863 2463 3904 tut-‚ure
2480 3862 2535 3903 1n
