2967 4384
385 259 503 312 1111.
531 255 589 331 1]
1224 255 1456 312 Lmen
1488 257 1635 311 xxr
2396 255 2468 309 39

389 429 597 491 tinere
625 429 726 491 vis
749 431 886 492 ulla
913 429 1167 509 possit.’
1258 428 1527 508 Effigies
1550 427 1783 508 immo,
1807 429 2092 491 umbrae
2115 428 2473 490 hominum
2507 442 2544 493 9

386 530 570 592 fame
606 529 852 610 frigore
890 529 1144 592 inluvie
1183 529 1497 609 squalore
1534 529 1773 608 enecti,
1815 529 2080 591 contusi
2118 548 2198 592 ac
2242 528 2471 590 debili-

391 631 515 693 tati
557 629 732 693 inter
774 648 937 693 saxa
981 647 1346 710 rupesque3
1393 630 1484 692 ad
1529 629 1657 691 hoc
1707 629 2002 708 praeusti
2057 635 2267 708 artuS,
2313 628 2471 690 nive

389 730 678 810 rigentes
704 729 919 809 nervi,
948 731 1254 793 membra
1282 730 1536 792 torrida
1562 730 1739 809 gelu,
1774 735 2090 811 quassata
2115 729 2471 810 fractaque

390 847 603 910 arma,
638 830 863 893 claudi
893 849 972 893 ac
1010 831 1259 893 debiles
1291 831 1475 911 equi:
1526 849 1681 893 cum
1712 829 1839 892 hoc
1872 829 2119 911 equite,
2155 847 2311 892 cum
2344 830 2470 891 hoc
2505 837 2579 889 10

395 931 616 1012 pedite
667 930 1029 1011 pugnaturi
1075 930 1260 1011 estis;
1307 931 1625 1011 reliquias
1673 936 2004 993 extremas
2052 929 2285 1010 hostiS,
2334 947 2473 990 non

390 1033 656 1096 hostem
695 1031 987 1112 habetis;
1033 1050 1114 1095 ac
1153 1031 1322 1093 nihil
1361 1031 1577 1110 magis
1620 1046 1874 1110 vereor,
1922 1049 2127 1112 quam
2164 1048 2272 1111 ne,
2317 1048 2474 1093 cum

393 1152 514 1196 vos
555 1132 1036 1213 pugnaveritis„
1074 1133 1276 1210 Alpes
1317 1132 1553 1194 vicisse
1592 1131 2050 1195 Hannibalem
2091 1131 2472 1193 videantur.

394 1235 523 1300 Sed
558 1235 653 1296 ita
686 1233 973 1295 forsitan
1014 1233 1257 1311 decuit,
1296 1250 1452 1295 cum
1484 1233 1839 1295 foederum
1874 1238 2151 1310 ruptore
2193 1232 2360 1294 duce
2394 1250 2475 1294 ac
2508 1233 2579 1284 11

394 1335 644 1414 populo
698 1334 857 1395 deos
906 1333 1088 1411 ipsos
1139 1333 1282 1394 sine
1332 1333 1470 1394 ulla
1522 1331 1824 1394 humana
1878 1349 2005 1410 ope
2060 1331 2477 1394 committere

389 1454 470 1497 ac
520 1433 874 1513 profligare
925 1433 1198 1512 bellum,
1245 1450 1393 1511 neS,
1445 1432 1560 1511 qui
1607 1432 1985 1494 secundum
2038 1432 2195 1493 deos
2246 1431 2479 1493 violati

389 1552 648 1612 sumus,
699 1532 1135 1596 commissum
1206 1550 1286 1594 ac
1353 1533 1783 1610 profligatum
1843 1532 2188 1594 conficere.
2307 1533 2473 1594 XLI.
2510 1532 2582 1584 13

391 1635 612 1714 Atque
643 1633 909 1697 utinam
952 1649 1072 1711 pro
1110 1633 1344 1695 decore
1394 1638 1665 1694 tantum
1698 1632 1824 1693 hoc
1859 1631 2050 1693 vobis
2086 1637 2153 1693 et
2183 1648 2323 1694 non
2358 1648 2480 1710 pro

391 1735 607 1798 salute
668 1738 840 1796 esset
898 1729 1270 1795 certamen!
1388 1732 1537 1794 Non
1596 1732 1675 1794 de
1740 1731 2151 1810 possessione
2216 1730 2477 1796 Siciliae
2508 1737 2584 1790 14

392 1853 472 1898 ac
526 1832 896 1913 Sardiniae,
953 1833 1033 1895 de
1087 1831 1334 1912 quibus
1387 1832 1734 1912 quondam
1782 1831 2132 1912 agebatur,
2184 1832 2302 1895 sed
2357 1848 2479 1911 pro

391 1934 589 1997 Italia
641 1933 835 1996 vobis
884 1937 984 1996 est
1038 1933 1504 2012 pugnandum.
1595 1933 1729 1995 Nec
1778 1939 1879 1995 est
1929 1933 2101 1995 alius
2150 1932 2239 1994 ab
2290 1937 2478 2010 tergo
2512 1941 2586 1995 15

392 2035 742 2113 exercitus,
777 2033 914 2113 qui,
942 2033 1071 2095 nisi
1115 2052 1238 2096 nos
1287 2033 1641 2113 vincimus,
1672 2033 1849 2095 hosti
1879 2034 2183 2112 obsistat,
2213 2051 2340 2096 nec
2368 2032 2477 2093 Al-

397 2155 511 2216 pes
538 2136 710 2199 aliae
738 2142 918 2214 sunt,
953 2153 1119 2215 quas
1151 2135 1313 2197 dum
1338 2140 1682 2213 superant,
1713 2134 2091 2213 comparari
2118 2152 2298 2196 nova
2329 2152 2476 2212 pos-

395 2236 529 2299 sint
583 2234 939 2314 praesidia.
1045 2233 1173 2297 Hic
1224 2240 1324 2296 est
1376 2234 1809 2313 obstandum,
1864 2233 2131 2313 militeS,
2189 2233 2371 2296 velut
2421 2235 2477 2294 si

395 2342 552 2399 ante
581 2337 892 2396 Romana
920 2334 1188 2396 moenia
1218 2352 1615 2414 pugnemuS.
1707 2335 1898 2396 Unus
1930 2334 2213 2414 quisque
2240 2352 2311 2396 se
2338 2351 2476 2394 non
2508 2338 2585 2391 16

361 2454 640 2515 ,corpus
693 2453 896 2498 suum
948 2435 1067 2497 sed
1123 2434 1478 2514 coniugem
1532 2454 1611 2497 ac
1664 2435 1913 2497 liberos
1971 2452 2217 2514 parvos
2270 2433 2478 2496 armis

401 2543 742 2616 protegere
810 2539 1026 2615 putet;
1070 2553 1196 2598 nec
1263 2534 1664 2597 domesticas
1703 2535 1923 2598 solum
1986 2534 2194 2614 agitet
2259 2552 2476 2613 curas,

395 2637 513 2700 sed
550 2634 922 2698 identidem
956 2634 1086 2698 hoc
1121 2634 1349 2697 animo
1385 2641 1672 2714 reputet,
1710 2641 1975 2698 nostras
2010 2652 2193 2697 nunc
2230 2633 2478 2696 intueri

398 2754 640 2798 manus
694 2742 1006 2798 senatum
1039 2735 1499 2814 populumque
1530 2736 1945 2797 Romanum:
1998 2734 2214 2815 qualis
2246 2741 2478 2797 nostra
2513 2749 2583 2800 Π

402 2836 502 2898 vis
539 2835 885 2915 virtusque
918 2834 1144 2913 fuerit,
1181 2834 1386 2897 talem
1424 2834 1663 2897 deinde
1695 2836 2045 2898 fortunam
2078 2835 2257 2898 illius
2291 2834 2479 2897 urbis

398 2954 478 2998 ac
518 2935 812 2997 Romani
853 2935 1118 3012 imperii
1156 2935 1348 2996 fore!

571 3036 773 3098 XLII.
823 3036 1008 3097 Haec
1043 3034 1229 3113 apud
1264 3035 1609 3096 Romanos
1646 3035 1900 3097 consul.
1991 3036 2345 3098 Hannibal
2379 3054 2479 3097 re·
2516 3046 2548 3096 1

451 3212 498 3256 9.
552 3208 1064 3255 adhocz‘·bes1des.”
1113 3205 1392 3259 praeusti:
1488 3209 1722 3241 common
1764 3210 1855 3242 use
1914 3203 1967 3241 ot
2027 3203 2113 3242 the
2172 3201 2482 3253 impersonal

400 3279 566 3319 words
595 3277 818 3327 literally
836 3276 1133 3326 expressing
1160 3276 1282 3316 heat
1308 3284 1396 3316 are
1488 3267 1663 3318 wilm·-

400 3346 540 3386 often
558 3345 679 3385 used
715 3346 770 3384 ot
813 3344 1011 3384 intense
1044 3342 1169 3383 cold.
1230 3351 1390 3392 prae-z
1541 3336 1619 3379 16.
1674 3333 2028 3384 domesticas:
2096 3337 2180 3376 “or
2238 3335 2317 3376 his
2367 3345 2481 3376 own

405 3415 490 3453 “at
509 3413 594 3452 the
611 3411 978 3452 extremities.”
1489 3401 1717 3450 family.”
1766 3410 1986 3446 manus:
2006 3402 2204 3451 subject
2221 3404 2275 3442 ot
2292 3401 2478 3442 intueri.

454 3480 531 3523 10,
586 3478 710 3523 hoc:
731 3475 884 3517 :tali
1489 3468 1705 3510 Observe
1719 3469 1805 3509 the
1821 3469 2021 3510 climax.

453 3546 532 3589 11.
586 3543 884 3595 profligare
928 3542 1160 3588 bellum:
1209 3544 1396 3583 “virtu-
1538 3535 1692 3575 XLII·
1752 3537 1797 3580 1.
1850 3535 2069 3579 consul:
2106 3545 2171 3576 sc.
2207 3535 2338 3576 dixit.
2390 3544 2480 3579 re-

402 3611 504 3662 ally
521 3612 690 3652 decide
709 3612 794 3651 the
810 3612 964 3650 war.”
1020 3609 1339 3653 secundum:
1366 3621 1396 3650 a
1489 3610 1612 3653 bus:
1644 3612 1743 3650 “an
1785 3609 1951 3658 object
1992 3610 2207 3650 lesson.”
2263 3611 2481 3660 specta-

402 3677 727 3729 preposltion.
784 3675 1071 3720 conficere:
1120 3676 1265 3726 “give
1311 3678 1396 3716 the
1490 3676 1698 3720 culum:
1726 3675 1855 3726 Livy
1869 3676 1912 3716 is
1927 3676 2165 3726 thinking
2182 3677 2235 3716 ot
2253 3677 2483 3726 theglad·

403 3744 644 3794 finishing
663 3745 872 3784 touches
893 3743 998 3784 t0.'’
1488 3741 1695 3783 iatorial
1727 3744 1961 3784 combats
1994 3743 2049 3782 ot
2082 3742 2164 3782 his
2195 3752 2309 3782 own
2344 3743 2480 3782 time.

452 3812 582 3851 XLI.
639 3811 718 3855 14.
772 3809 839 3853 de
868 3811 1069 3860 qulbus
1099 3810 1392 3861 agebatur:
1488 3809 1692 3853 victor:
1723 3818 1754 3849 a
1780 3808 2040 3849 condition
2069 3807 2251 3848 within
2272 3817 2302 3850 a
2320 3809 2485 3850 condi·

406 3877 599 3919 “which
617 3886 746 3918 were
764 3877 1005 3928 formerly
1025 3881 1078 3916 at.
1107 3878 1298 3918 stake.'’
1353 3877 1394 3916 A
1490 3876 1651 3916 tional
1667 3876 1849 3916 clause.
