2967 4384
424 200 458 254 l.
484 206 542 267 3]
577 250 596 264 Ι
1237 198 1467 252 LIBER.
1505 199 1684 252 XXII
2447 203 2517 253 85

423 371 601 432 mine
643 370 1094 432 innocentiam
1136 387 1359 432 meam
1404 371 1792 448 protegam.’
1881 371 2063 433 Haec
2108 390 2219 434 eos
2261 372 2515 452 agentis
2551 389 2621 441 12

427 473 606 550 prius
634 470 833 533 turba
859 471 1260 549 fugientium
1287 470 1559 548 civium,
1586 470 1820 531 deinde
1848 472 2072 532 hostes
2100 489 2515 550 oppressere;

423 572 764 633 consulem
796 571 1200 649 ignoranteS,
1239 570 1385 649 quis
1419 577 1612 647 esset,
1650 571 1928 632 obruere
1960 572 2129 649 telis,
2162 573 2516 633 Lentulum

419 671 594 733 inter
645 672 1013 732 tumultum
1064 669 1358 748 abripuit
1413 688 1673 750 equuS„
1735 673 1907 732 Tum
1959 672 2123 733 undi
2132 690 2255 750 que
2309 673 2513 734 effuse

419 769 708 850 fugiunt.
799 771 1065 849 Septem
1132 771 1319 832 milia
1386 771 1741 832 hominum
1809 771 1878 832 in
1945 771 2207 833 minora
2276 779 2513 850 castra,
2551 787 2621 837 13

426 871 653 933 decem
699 871 770 932 in
818 870 1096 949 maiora,
1151 871 1282 932 duo
1330 870 1539 933 ferme
1587 871 1658 933 in
1707 871 1935 935 vicum
1980 871 2204 950 ipsum
2252 873 2514 933 Cannas

425 972 875 1051 perfugerant,
917 971 1029 1050 qui
1065 973 1396 1050 extemplo
1432 990 1474 1033 a
1511 971 1907 1034 Carthalone
1944 978 2144 1060 atque
2181 973 2513 1051 equitibus

420 1073 603 1132 nullo
630 1073 1047 1133 munimento
1074 1078 1334 1152 tegente
1364 1072 1591 1133 vicum
1618 1072 2052 1134 circumventi
2079 1060 2253 1135 sunt.
2345 1073 2514 1134 Con·
2546 1083 2618 1135 14

418 1172 523 1233 sul
557 1173 745 1249 alter,
779 1189 898 1234 seu
931 1172 1102 1234 forte
1137 1190 1256 1234 seu
1290 1172 1564 1234 consilio
1598 1173 1766 1233 nulli
1800 1172 2199 1251 fugientium
2232 1174 2513 1235 insertus

403 1272 692 1351 agmini,
764 1290 919 1334 cum
993 1272 1478 1351 quinquaginta
1547 1273 1683 1334 fere
1749 1273 2085 1350 equitibus
2152 1274 2513 1335 Venusiam

421 1371 728 1451 perfugit.
821 1371 1275 1452 Quadraginta
1313 1372 1605 1450 quinque
1640 1371 1826 1434 milia
1865 1372 2202 1451 quingenti
2241 1373 2512 1451 pediteS,
2548 1394 2617 1444 15

423 1473 554 1534 duo
591 1473 776 1534 milia
811 1472 1211 1552 septingenti
1246 1472 1503 1550 equites
1540 1478 1604 1532 et
1639 1472 1986 1533 tantadem
2025 1490 2227 1552 prope
2264 1473 2513 1535 civium

417 1573 881 1651 sociorumque
917 1590 1070 1651 pars
1101 1571 1275 1632 caesi
1307 1571 1651 1648 dicuntur;
1696 1572 1765 1632 in
1795 1572 1899 1633 his
1930 1572 2132 1633 ambo
2164 1576 2513 1634 consulum

423 1677 824 1752 quaestoreS‚
868 1672 940 1734 L.
983 1672 1224 1734 Atilius
1266 1677 1331 1732 et
1374 1671 1446 1733 L.
1493 1672 1729 1732 Furius
1771 1672 2153 1750 BibaculuS,
2198 1678 2263 1734 et
2305 1673 2513 1734 unde-
2546 1689 2619 1739 16

415 1773 689 1852 triginta
738 1772 990 1834 tribuni
1041 1753 1354 1848 militum,
1409 1772 1789 1832 consulares
1846 1771 2120 1850 quidam
2176 1773 2511 1850 praetorii-

421 1890 546 1950 que
591 1878 655 1934 et
697 1871 982 1934 aedilicii
1007 1871 1288 1933 —inter
1329 1857 1442 1932 eos
1485 1871 1604 1932 Cn.
1650 1870 2003 1932 Servilium
2045 1872 2398 1933 Geminum
2446 1878 2511 1933 et

415 1973 506 2033 M.
559 1972 930 2033 Minucium
978 1976 1356 2048 numerant,
1414 1971 1529 2048 qui
1578 1970 1893 2049 magister
1943 1971 2245 2048 equitum
2299 1972 2508 2050 priore

415 2089 615 2149 anno,
679 2072 934 2150 aliquot
995 2071 1188 2132 annis
1250 2077 1404 2132 ante
1495 2071 1724 2132 consul
1817 2070 2034 2132 fuerat
2062 2105 2143 2114 --
2174 2072 2509 2150 octoginta
2545 2084 2617 2135 17

417 2178 754 2249 praeterea
812 2177 929 2232 aut
995 2175 1331 2232 senatores
1385 2175 1503 2230 aut
1555 2171 1667 2248 qui
1719 2187 1830 2231 eos
1873 2170 2301 2248 magistratus
2361 2189 2507 2249 ges-

411 2271 673 2348 sissent,
738 2271 917 2332 unde
953 2270 1023 2330 in
1087 2276 1396 2330 senatum
1445 2269 1574 2348 legi
1629 2269 1961 2347 deberent,
1997 2288 2152 2331 cum
2216 2288 2339 2332 sua
2392 2289 2510 2332 vo-

410 2368 666 2431 luntate
716 2370 958 2431 milites
1016 2368 1087 2430 in
1144 2369 1516 2447 legionibus
1579 2369 1741 2431 facti
1799 2376 2035 2432 essent.
2158 2370 2370 2449 Capta
2428 2389 2504 2432 eo
2541 2388 2614 2441 18

415 2469 660 2549 proelio
689 2470 815 2531 tria
865 2469 1051 2531 milia
1086 2469 1386 2548 peditum
1434 2475 1501 2530 et
1545 2470 1799 2547 equites
1846 2470 2027 2531 mille
2062 2475 2127 2531 et
2166 2471 2506 2549 quingenti

417 2569 744 2631 dicuntur.

582 2668 654 2731 L.
697 2669 881 2731 Haec
924 2675 1022 2731 est
1067 2686 1291 2748 pugna
1331 2668 1717 2746 Cannensis,
1760 2669 2007 2730 Aliensi
2049 2670 2224 2732 cladi
2266 2671 2503 2742 nobili·
2537 2685 2569 2736 1

410 2774 546 2831 tate
597 2786 735 2848 par,
782 2775 1076 2831 ceterum
1117 2769 1217 2829 uti
1263 2768 1378 2844 εἰς,
1429 2785 1597 2846 quae
1647 2775 1793 2847 post
1842 2787 2137 2848 pugnam
2181 2770 2499 2848 accidere,
2534 2781 2570 2832 2

409 2868 640 2946 levior,
690 2869 846 2948 quia
886 2869 974 2930 ab
1016 2869 1204 2934 hoste
1249 2873 1345 2929 est
1389 2873 1740 2945 cessatum,
1784 2869 1876 2930 sic
1921 2875 2137 2948 strage
2181 2871 2502 2932 exercitus

410 2968 677 3046 gravior
699 2967 1109 3046 foediorque.
1199 2969 1381 3046 Fuga
1404 2983 1696 3045 namque
1721 2969 1809 3029 ad
1831 2969 2051 3030 Aliam
2073 2969 2243 3032 sicut
2266 2970 2500 3030 urbem
2534 2984 2570 3036 3

415 3068 726 3147 prodidit,
775 3068 869 3129 ita
913 3067 1271 3130 exercitum
1317 3067 1645 3144 servavit3
1690 3068 1777 3128 ad
1827 3068 2089 3131 Cannas
2137 3069 2501 3148 fugientem

462 3281 542 3324 12.
598 3279 902 3324 consulem:
959 3279 1129 3328 object,
1174 3281 1230 3321 of
1273 3277 1406 3330 iquo-
1556 3280 1634 3324 1⁷.
1690 3280 1855 3325 unde:
1890 3283 2049 3322 refers
2084 3285 2139 3323 to
2172 3281 2496 3334 mayistratue.

409 3348 578 3388 rantee
605 3349 671 3398 by
701 3347 960 3397 prolepsis.
990 3347 1188 3387 instead
1206 3347 1261 3386 of
1294 3348 1408 3387 sub-
1502 3347 1606 3387 The
1625 3352 1799 3388 senate
1826 3347 1962 3388 since
1980 3349 2067 3390 the
2084 3347 2160 3389 leae
2191 3349 2357 3390 Ouinia
2399 3351 2499 3391 had

409 3414 513 3463 :leot
538 3415 592 3454 of
610 3413 716 3464 quie
747 3412 875 3453 esset.
930 3413 1185 3457 obruere:
1213 3415 1407 3464 perfect
1501 3415 1703 3454 become
1738 3425 1767 3456 a
1798 3417 2139 3468 bureaucracy
2157 3419 2424 3468 composed
2443 3419 2498 3458 of

409 3480 696 3521 indicative.
1502 3482 1645 3522 those
1659 3483 1772 3521 who
1790 3482 1889 3522 had
1908 3483 2022 3522 held
2040 3482 2214 3523 curule
2240 3484 2415 3524 offices.

460 3548 540 3592 14.
595 3545 914 3591 Venusiam:
936 3556 966 3586 a
985 3546 1184 3586 Roman
1201 3547 1399 3596 colony,
1553 3548 1607 3588 L.
1663 3548 1708 3590 1.
1762 3547 1998 3592 Aliensi:
2021 3549 2106 3588 the
2131 3549 2292 3589 battle
2319 3559 2387 3589 on
2412 3551 2499 3590 the

407 3613 460 3654 28
477 3613 622 3654 miles
642 3612 688 3653 S.
712 3613 789 3654 W.
810 3613 864 3652 ot
890 3613 1108 3659 Cannae,
1129 3613 1215 3653 the
1249 3613 1407 3653 birth·
1500 3613 1627 3660 Alia,
1648 3613 1703 3653 in
1720 3614 1883 3653 which
1912 3616 1997 3654 the
2023 3615 2245 3654 Romans
2265 3624 2395 3654 were
2420 3617 2497 3655 de-

410 3681 552 3730 place
570 3681 624 3720 of
644 3680 854 3720 Horace.
1500 3681 1667 3720 feated
1695 3682 1760 3730 by
1778 3681 1863 3720 the
1887 3680 2047 3721 Gauls
2072 3681 2105 3721 J
2110 3681 2197 3730 uly
2213 3680 2276 3727 18,
2293 3680 2369 3720 390
2394 3689 2493 3721 nc.

461 3746 541 3790 1⁶.
594 3744 892 3797 praetorii:
1011 3748 1403 3797 “ex-praetors.''
1500 3745 1729 3793 utiz=ut‚
1746 3747 2025 3787 correlated
2040 3747 2165 3786 with
2184 3745 2262 3785 εἰσ.
2310 3746 2493 3788 Trans-

411 3810 684 3860 aedilicii:
706 3812 1054 3856 “ex-aediles.'’
1501 3813 1605 3856 late
1627 3813 1904 3862 “although
1927 3841 1935 3850 .
1959 3843 1969 3851 .
1994 3842 2002 3850 .
2026 3813 2163 3862 yet.'’
