2967 4384
376 253 577 307 xxxvi.
602 253 660 319 7]
1232 253 1462 308 LIBER
1492 254 1641 308 111
2391 261 2463 314 35

385 423 510 484 bus
548 421 821 501 quidem
859 428 1127 500 praeter
1163 439 1375 500 parva
1406 424 1597 486 furta
1637 442 1752 503 per
1788 427 2212 490 occasionem
2253 437 2466 508 temp-

387 522 716 586 tantibus.
808 523 1124 584 Ceterum
1156 522 1287 584 iter
1307 525 1550 602 mult0,
1577 542 1783 603 quam
1811 526 1883 587 in
1903 545 2186 608 ascensu
2215 529 2467 609 fuerat,
2502 538 2571 589 11

381 631 461 687 ut
492 623 812 702 pleraque
843 621 1118 700 Alpium
1146 621 1236 684 ab
1269 623 1472 684 Italia
1502 623 1679 686 sicut
1712 625 2021 688 breviora
2049 627 2149 688 ita
2179 629 2378 692 adrec
2389 631 2467 692 ti-

382 744 498 788 ora
535 728 720 800 sunt,
765 721 1098 783 difficilius
1131 721 1290 784 fuit.
1387 723 1621 786 Omnis
1657 725 1839 786 enim
1873 725 2085 788 ferme
2129 728 2240 790 via
2281 746 2467 806 prae-

381 846 561 907 cepS,
607 829 924 902 angusta,
968 821 1230 884 lubrica
1275 829 1447 902 erat,
1492 829 1575 885 ut
1618 842 1838 904 neque
1885 827 2218 890 sustinere
2264 846 2333 890 se
2379 829 2468 891 ab
2502 838 2575 889 12

380 929 577 1006 lapsu
637 928 912 1005 possent
967 940 1116 1001 nec,
1179 921 1292 1001 qui
1354 924 1635 1002 paulum
1695 925 2134 1006 titubassent,
2193 929 2469 991 haerere

379 1027 586 1090 adfixi
636 1024 922 1102 vestigio
969 1039 1116 1102 su0,
1163 1022 1413 1101 aliique
1462 1040 1665 1101 super
1710 1025 1881 1088 alios
1923 1032 1997 1088 et
2043 1027 2352 1090 iumenta
2397 1029 2469 1090 in

380 1129 686 1189 homines
719 1125 1128 1187 occiderent.

559 1226 887 1289 XXXVI.
940 1225 1240 1285 Ventum
1297 1223 1538 1285 deinde
1589 1225 1681 1286 ad
1730 1228 1951 1288 multo
2003 1228 2467 1314 angustiorem
2503 1240 2536 1291 1

378 1345 620 1406 rupem
656 1332 866 1405 atque
905 1324 1007 1386 ita
1045 1323 1248 1385 rectis
1286 1323 1488 1401 saxiS,
1528 1329 1609 1385 ut
1647 1341 1843 1402 aegre
1883 1327 2238 1404 expeditus
2276 1329 2469 1390 miles

386 1426 918 1506 temptabundus
953 1423 1406 1502 manibusque
1439 1423 1741 1485 retinens
1777 1425 2075 1503 virgulta
2107 1445 2187 1488 ac
2220 1427 2469 1506 stirpes

380 1529 558 1591 circa
602 1527 977 1590 eminentes
1029 1523 1388 1586 demittere
1432 1539 1577 1585 sese
1626 1530 1878 1602 posset.
1976 1526 2237 1588 Natura
2282 1527 2469 1590 locus
2501 1536 2538 1587 2

379 1629 519 1690 iam
552 1633 715 1690 ante
754 1641 1073 1704 praeceps
1109 1623 1366 1686 recenti
1401 1625 1600 1701 lapsu
1641 1629 1857 1687 terrae
1893 1625 1964 1685 in
2003 1626 2253 1703 pedum
2287 1629 2470 1689 mille

378 1728 746 1790 admodum
788 1724 1237 1788 altitudinem
1281 1723 1620 1801 abruptus
1664 1730 1834 1788 erat.
1929 1725 2035 1786 Ibi
2079 1744 2235 1788 cum
2280 1729 2467 1790 velut
2502 1739 2539 1792 3

379 1830 461 1891 ad
495 1829 702 1889 finem
739 1827 887 1888 viae
924 1824 1192 1903 equites
1228 1823 1722 1903 constitissent,
1756 1824 2037 1887 miranti
2075 1825 2469 1906 Hannibali,

386 1946 556 2008 quae
604 1945 710 1989 res
759 1930 1142 1987 moraretur
1191 1940 1460 2002 agmen,
1511 1923 1877 1986 nuntiatur
1924 1942 2164 2004 rupem
2212 1927 2471 1990 inviam

381 2046 546 2091 esse.
642 2027 992 2103 Digressus
1025 2023 1265 2085 deinde
1291 2023 1434 2101 ipse
1461 2020 1551 2085 ad
1578 2026 1805 2085 locum
1834 2025 2214 2089 visendum.
2266 2027 2470 2089 Haud
2502 2031 2541 2084 4

387 2128 592 2190 dubia
641 2144 746 2188 res
800 2124 965 2202 visa,
1024 2123 1186 2202 quin
1240 2139 1356 2200 per
1405 2123 1595 2185 invia
1646 2123 1824 2186 circa
1872 2141 1995 2186 nec
2052 2125 2215 2187 trita
2265 2132 2471 2188 antea

387 2227 697 2308 quamvis
722 2227 924 2303 longo
954 2223 1225 2286 ambitu
1254 2223 1791 2285 circumduceret
1817 2242 2084 2302 agmen.
2179 2227 2280 2288 Ea
2310 2244 2468 2288 vero
2502 2237 2537 2290 5

387 2329 496 2390 via
533 2325 1088 2404 inexsuperabilis
1127 2323 1284 2385 fuit.
1384 2324 1559 2385 Nam
1595 2341 1753 2385 cum
1790 2342 1991 2402 super
2032 2332 2332 2387 veterem
2370 2327 2469 2387 ni-

387 2445 539 2490 vem
567 2427 901 2488 intactam
932 2442 1115 2485 nova
1143 2423 1452 2484 modicae
1481 2423 1869 2485 altitudinis
1899 2430 2099 2503 esset,
2131 2426 2318 2486 molli
2348 2443 2471 2488 nec

387 2526 727 2606 praealtae
787 2525 988 2590 facile
1054 2523 1257 2602 pedes
1319 2522 1845 2600 ingredientium
1906 2523 2345 2603 insistebant3
2392 2531 2473 2587 ut
2503 2533 2541 2584 6

387 2644 544 2690 vero
584 2631 688 2688 tot
723 2624 1078 2686 hominum
1111 2622 1709 2700 iumentorumque
1744 2623 2009 2685 incessu
2048 2624 2308 2702 dilapsa
2342 2633 2469 2703 est,

388 2743 502 2805 per
546 2725 807 2787 nudam
859 2724 1036 2785 infra
1093 2722 1376 2800 glaciem
1434 2722 1895 2801 fluentemque
1947 2723 2178 2785 tabem
2225 2724 2469 2803 liques-

386 2827 600 2889 centis
640 2825 819 2886 nivis
865 2822 1442 2902 ingrediebantur.
1539 2821 1785 2884 Taetra
1826 2822 1922 2883 ibi
1979 2822 2262 2886 luctatio
2322 2832 2463 2887 erat
2505 2838 2542 2889 7

390 2927 498 2988 via
571 2925 832 2988 lubrica
896 2941 1037 2984 non
1111 2921 1476 3000 recipiente
1546 2922 1907 2999 vestigium
1974 2929 2046 2984 et
2123 2923 2195 2984 in
2259 2941 2470 3002 prono

389 3026 588 3089 citius
609 3025 820 3104 'pedes
844 3025 1149 3101 fallente,
1177 3027 1280 3100 ut,
1310 3038 1428 3082 seu
1456 3020 1771 3082 manibus
1799 3022 1870 3082 in
1897 3022 2325 3100 adsurgendo
2353 3042 2470 3086 seu

437 3209 516 3252 1⁰·
568 3206 744 3250 mna:
801 3205 1058 3254 “stealthy
1125 3201 1376 3244 attacks.·’
1522 3202 1570 3244 4.
1627 3200 2086 3246 circumduceret:
2136 3205 2306 3244 “must
2358 3204 2468 3246 lead

386 3276 455 3320 ab
473 3273 667 3319 Italia:
688 3277 786 3313 “on
804 3273 890 3312 the
909 3270 1098 3311 Italian
1125 3269 1282 3310 side.'’
1472 3269 1719 3308 around.'’
1772 3270 1876 3310 The
1894 3269 2216 3318 subjunctive
2252 3280 2469 3322 conve-ys

436 3340 664 3382 XXXVI.
722 3341 768 3382 1.
839 3338 1090 3382 ventum:
1157 3345 1222 3376 sc.
1295 3334 1376 3374 eet.
1475 3335 1560 3374 the
1578 3335 1690 3376 idea
1708 3337 1763 3375 ot
1780 3335 2074 3386 obligation.

385 3405 840 3459 tflmptabunduflss
864 3405 1082 3454 “feeling
1107 3403 1188 3444 his
1216 3404 1377 3453 way.’‘
1526 3403 1571 3444 5,
1626 3410 1791 3446 nova:
1824 3413 1887 3443 sc,
1912 3402 2004 3442 nix·
2034 3402 2215 3447 molli:
2254 3414 2319 3444 SC·
2352 3403 2465 3451 nivi,

388 3474 478 3516 See
494 3473 848 3516 Introduction
866 3472 1000 3512 VIII.
1023 3473 1060 3511 2.
1471 3468 1643 3508 dative
1661 3469 1785 3508 with
1798 3468 2091 3509 insistebant.

437 3542 484 3585 2.
537 3541 767 3584 natura:
788 3538 1021 3580 ablative.
1075 3536 1161 3580 in.
1182 3567 1193 3579 .
1214 3535 1377 3580 ‚alti-
1526 3536 1571 3578 6.
1627 3534 1852 3586 dilapsa
1892 3537 1998 3580 est:
2049 3537 2312 3591 “melted.†·
2365 3537 2466 3581 nu-

387 3607 655 3652 tudinem:
677 3605 921 3656 Polybius
939 3603 1111 3653 (3.54.7)
1133 3612 1251 3652 says
1265 3603 1380 3643 that,
1473 3604 1659 3646 entem
1677 3602 1882 3646 tabem:
1906 3604 2129 3644 “siush.”

389 3676 473 3715 the
490 3675 615 3715 road
643 3674 724 3713 tor
742 3682 772 3712 a
791 3670 1018 3712 distance
1036 3671 1090 3710 ot
1114 3671 1232 3710 nine
1257 3670 1378 3710 hun·
1526 3671 1571 3712 7.
1625 3668 1884 3713 fallente:
1934 3670 2177 3721 “causing
2229 3671 2367 3710 them
2390 3675 2465 3712 .t,o

387 3742 503 3782 dred
525 3742 626 3782 ieet
641 3749 748 3780 was
765 3737 1082 3788 impassable.
1127 3737 1256 3786 Livy
1275 3746 1380 3786 per-
1473 3736 1623 3786 slip.”
1678 3735 1823 3775 Pedes
1843 3737 1966 3776 need
1979 3740 2069 3776 not
2089 3737 2147 3776 be
2168 3737 2460 3778 translated.

387 3810 513 3860 haps
535 3811 694 3848 wrote
718 3804 1066 3856 lonqitudinem.
1121 3804 1378 3854 certainly
1473 3801 1857 3847 adminiculis:
1894 3802 1970 3843 i.e.
2002 3803 2134 3844 their
2167 3804 2330 3844 hands
2365 3805 2467 3844 and

389 3875 474 3916 the
491 3875 766 3915 statement
783 3871 837 3912 in
857 3873 943 3913 the
961 3871 1132 3913 textis
1151 3870 1350 3914 absurd.
1473 3871 1587 3911 teet.
1659 3868 1793 3912 levi:
1831 3869 2139 3920 distinguish
2184 3871 2317 3910 from
2366 3867 2466 3911 levi.
