2967 4384
483 263 591 316 100
1387 261 1452 314 ¹1¹.
1495 260 1662 316 1.1v1
2382 265 2481 333 [ix.
2510 263 2581 318 10

488 413 816 512 quantum
857 432 1034 494 intra
1077 432 1344 494 moenia
1387 432 1758 496 includunt.
1850 434 2019 495 Cum
2067 440 2292 513 portae
2339 436 2582 514 adpro-

487 534 860 612 pinquaret,
909 533 1126 594 editus
1171 551 1250 593 ex
1296 533 1666 612 composito
1711 534 1881 613 ignis
1925 533 2013 595 ab
2059 534 2435 596 Hannibale
2480 541 2580 596 est

483 634 870 711 refulsitque
909 632 1090 693 idem
1129 633 1468 694 redditum
1505 632 1593 693 ab
1634 634 1880 695 Nicone
1910 635 2209 714 signum;
2254 635 2579 696 extinctae

378 745 446 794 11
487 734 720 794 deinde
751 733 1088 810 utrimque
1116 733 1428 795 flammae
1459 739 1634 796 sunt.
1725 734 2066 796 Hannibal
2094 735 2353 796 silentio
2386 736 2581 796 duce—

485 833 598 894 bat
626 832 714 893 ab
747 838 1031 910 portam.
1079 832 1238 893 Nico
1268 850 1347 893 ex
1374 832 1738 911 improviso
1767 834 2043 895 adortus
2070 835 2321 913 sopitos
2351 834 2579 915 vigiles

379 948 448 998 12
480 934 551 994 in
581 932 908 994 cubilibus
938 933 1074 994 suis
1104 933 1457 994 obtruncat
1492 941 1885 1013 portamque
1915 935 2147 1014 aperit.
2238 936 2578 997 Hannibal

483 1052 639 1094 cum
669 1033 971 1114 peditum
999 1033 1260 1112 agmine
1289 1033 1678 1113 ingreditur,
1708 1035 1964 1114 equites
1990 1035 2343 1098 subsistere
2373 1034 2578 1113 iubet,

481 1140 579 1212 ut,
642 1152 772 1212 quo
827 1152 930 1196 res
987 1134 1295 1213 postulet,
1351 1152 1690 1196 occurrere
1744 1135 1953 1196 libero
2008 1154 2247 1215 campo
2304 1137 2576 1216 possint.

379 1243 449 1295 13
483 1237 567 1295 Et
613 1234 1035 1296 Philemenus
1084 1234 1383 1312 portulae
1432 1240 1619 1312 parte
1664 1234 1817 1312 alia,
1870 1252 2000 1312 qua
2046 1252 2415 1298 commeare
2461 1238 2581 1298 ad-

483 1341 728 1412 suerat,
761 1333 1369 1413 adpropinquabat.
1459 1334 1517 1393 N
1519 1340 1631 1396 ota
1662 1352 1793 1396 vox
1824 1335 1964 1396 eius
1994 1341 2059 1396 et
2088 1336 2413 1399 familiare
2444 1336 2580 1398 iam

484 1435 750 1514 signum
811 1450 966 1494 cum
1025 1433 1371 1495 excitasset
1431 1433 1721 1512 vigilem,
1789 1433 2041 1496 dicente
2104 1435 2215 1496 vix
2274 1435 2580 1498 sustineri

380 1545 451 1596 14
485 1534 754 1613 grandis
780 1532 1025 1595 bestiae
1051 1549 1239 1610 onuS,
1268 1534 1530 1611 portula
1550 1534 1864 1613 aperitur.
1955 1535 2319 1597 Inferentes
2342 1553 2580 1615 aprum

490 1635 654 1695 duos
706 1634 980 1695 iuvenes
1029 1639 1292 1694 secutus
1355 1633 1495 1711 ipse
1547 1650 1703 1694 cum
1755 1634 2061 1713 expedito
2115 1641 2429 1698 venatore
2479 1635 2579 1697 vi-

484 1735 682 1812 gilem
722 1733 1052 1795 incautius
1093 1733 1413 1795 miraculo
1455 1733 1936 1813 magnitudinis.
1973 1735 2043 1795 in
2084 1753 2217 1814 eOS,
2265 1721 2377 1814 qui
2415 1737 2581 1796 fere-

380 1845 448 1895 15
490 1834 671 1912 bant,
712 1850 980 1896 versum
1015 1833 1349 1895 venabulo
1386 1832 1625 1896 traicit.
1717 1835 2000 1914 Ingressi
2040 1815 2275 1897 deinde
2310 1835 2580 1916 triginta

484 1935 618 1996 fere
687 1933 927 1996 armati
995 1938 1244 1994 ceteros
1312 1933 1545 2012 vigiles
1611 1932 2013 1997 obtruncant
2078 1935 2580 2015 refringuntque

490 2041 752 2113 portam
804 2033 1196 2111 proximam,
1249 2039 1312 2094 et
1362 2051 1605 2112 agmen
1654 2033 1780 2094 sub
1830 2034 2033 2113 signis
2082 2035 2433 2096 confestim
2479 2035 2580 2096 in-

484 2135 683 2213 rupit.
775 2134 937 2194 Inde
975 2150 1129 2194 cum
1164 2132 1423 2195 silentio
1458 2133 1529 2193 in
1564 2134 1789 2194 forum
1827 2134 2006 2195 ducti
2039 2134 2406 2197 Hannibali
2440 2135 2577 2196 sese

379 2245 452 2297 16
486 2234 987 2296 coniunxerunt.
1079 2234 1248 2293 Tum
1290 2233 1419 2294 duo
1455 2233 1641 2295 milia
1678 2234 2017 2296 Gallorum
2050 2235 2311 2296 Poenus
2345 2235 2415 2296 in
2448 2241 2579 2296 tres

489 2333 701 2396 divisa
734 2333 937 2412 partis
969 2350 1083 2410 per
1108 2333 1345 2394 urbem
1379 2332 1670 2396 dimittit.
1761 2333 2008 2396 Itinera
2040 2352 2243 2412 quam
2268 2353 2579 2398 maxume

380 2448 450 2501 1⁷
484 2434 857 2512 frequentia
889 2432 1199 2510 occupari
1228 2433 1434 2510 iubet,
1464 2433 1760 2494 tumultu
1790 2439 1935 2494 orto
1963 2435 2303 2496 Romanos
2336 2436 2581 2514 passim

487 2533 696 2611 caedi,
738 2532 1089 2611 oppidanis
1129 2533 1329 2609 parci.
1421 2531 1548 2593 Sed
1583 2538 1659 2593 ut
1694 2533 1837 2594 fieri
1872 2533 1943 2594 id
1981 2540 2221 2611 posset,
2263 2537 2579 2613 praecipit
2666 2583 2671 2590 .

484 2618 840 2694 iuvenibus
886 2631 1278 2709 TarentiniS,
1325 2638 1422 2710 ut,
1470 2632 1590 2692 ubi
1641 2649 1840 2710 quem
1886 2650 2160 2694 suorum
2208 2636 2435 2712 procul
2483 2636 2581 2697 vi-

492 2734 760 2810 dissent,
818 2732 1144 2809 quiescere
1197 2749 1275 2793 ac
1329 2732 1516 2793 silere
1568 2750 1646 2794 ac
1703 2731 1879 2792 bono
1929 2733 2154 2794 animo
2206 2752 2344 2796 esse
2394 2734 2581 2796 iube-

420 2854 451 2903 1
487 2839 652 2895 rent.
744 2832 824 2894 X.
872 2833 1018 2892 Iam
1060 2831 1387 2892 tumultus
1432 2837 1573 2893 erat
1618 2832 2022 2910 clamorque,
2074 2833 2284 2910 qualis
2328 2853 2466 2897 esse
2509 2835 2580 2895 in

488 2938 685 3011 capta
733 2931 896 2992 urbe
949 2931 1147 3007 solet;
1213 2932 1352 3009 sed,
1409 2931 1570 3008 quid
1618 2932 1712 2992 rei
1763 2937 1953 3009 esset,
2003 2950 2201 2994 nemo
2251 2934 2410 2996 satis
2463 2952 2579 3012 pro

419 3056 456 3106 2
489 3039 666 3094 certo
707 3033 890 3094 scire.
980 3032 1318 3093 Tarentini
1356 3033 1698 3093 Romanos
1737 3032 1826 3093 ad
1870 3033 2309 3111 diripiendam
2345 3035 2581 3096 urbem

490 3134 751 3194 credere
799 3138 1092 3208 coortos3
1147 3131 1469 3193 Romanis
1535 3132 1770 3193 seditio
1835 3133 2063 3210 aliqua
2127 3150 2282 3194 cum
2344 3136 2579 3197 fraude

421 3262 456 3313 3
492 3232 701 3293 videri
746 3232 834 3294 ab
881 3231 1235 3311 oppidanis
1281 3237 1483 3294 mota.
1575 3232 1954 3294 Praefectus
2003 3233 2215 3310 primo
2262 3234 2582 3298 excitatus

490 3333 783 3394 tumultu
836 3331 905 3391 in
969 3338 1235 3410 portum
1283 3331 1548 3410 effugit3
1624 3332 1777 3394 inde
1837 3339 2151 3412 acceptus
2203 3335 2453 3413 scapha
2508 3336 2577 3396 in

423 3459 459 3510 4
491 3449 713 3494 arcem
735 3430 1272 3493 circumvehitur.
1362 3433 1671 3493 Errorem
1694 3437 1757 3493 et
1779 3433 1945 3495 tuba
1968 3433 2199 3494 audita
2222 3452 2301 3496 ex
2321 3434 2581 3497 theatro

489 3532 800 3609 faciebat,
849 3548 1010 3594 nam
1057 3537 1121 3593 et
1168 3532 1477 3594 Romana
1524 3537 1687 3608 erat,
1736 3551 1776 3593 a
1826 3533 2273 3612 proditoribus
2320 3534 2410 3596 ad
2455 3536 2581 3598 hoc

545 3816 623 3860 13.
678 3813 916 3861 dicente:
938 3823 1004 3856 sc.
1023 3811 1309 3857 PhilemenO.
1634 3815 1693 3854 X.
1751 3817 1796 3860 1.
1851 3815 2017 3861 scire:
2038 3816 2302 3859 historical
2315 3817 2581 3868 infinitivo,

1584 3891 1640 3924 as
1660 3883 1766 3925 also
1786 3882 1973 3924 credere
1992 3883 2089 3926 and
2110 3883 2264 3926 videri
2286 3884 2361 3936 (2).
