<?xml version="1.0" encoding="UTF-8"?>
<!DOCTYPE html PUBLIC "-//W3C//DTD XHTML 1.0 Transitional//EN"
    "http://www.w3.org/TR/xhtml1/DTD/xhtml1-transitional.dtd">
<html xmlns="http://www.w3.org/1999/xhtml" xml:lang="en" lang="en">
 <head>
  <title>
</title>
<meta http-equiv="Content-Type" content="text/html;charset=utf-8" />
  <meta name='ocr-system' content='tesseract 3.04.00' />
  <meta name='ocr-capabilities' content='ocr_page ocr_carea ocr_par ocr_line ocrx_word'/>
</head>
<body>
  <div class='ocr_page' id='page_1' title='image "./livywarwithhann00livygoog_0075.png"; bbox 0 0 2967 4384; ppageno 0'>
   <div class='ocr_carea' id='block_1_1' title="bbox 353 215 2445 304">
    <p class='ocr_par' dir='ltr' id='par_1_1' title="bbox 353 215 2445 304">
     <span class='ocr_line' id='line_1_1' title="bbox 353 215 2445 304; baseline 0.001 -32"><span class='ocrx_word' id='word_1_1' title='bbox 353 231 494 272; x_wconf 83' lang='lat' dir='ltr'><strong>xxv.</strong></span> <span class='ocrx_word' id='word_1_2' title='bbox 523 219 616 284; x_wconf 87' lang='lat'><strong>12]</strong></span> <span class='ocrx_word' id='word_1_3' title='bbox 1184 215 1415 272; x_wconf 65' lang='grc' dir='ltr'><strong>ΗΒΕ-,ει</strong></span> <span class='ocrx_word' id='word_1_4' title='bbox 1454 218 1632 273; x_wconf 82' lang='lat' dir='ltr'><strong>xxn</strong></span> <span class='ocrx_word' id='word_1_5' title='bbox 2144 301 2148 304; x_wconf 10' lang='grc' dir='ltr'>ι</span> <span class='ocrx_word' id='word_1_6' title='bbox 2373 221 2445 275; x_wconf 81' lang='lat'><strong>‘11</strong></span> 
     </span>
    </p>
   </div>
   <div class='ocr_carea' id='block_1_2' title="bbox 347 391 2547 2673">
    <p class='ocr_par' dir='ltr' id='par_1_2' title="bbox 347 391 2547 2673">
     <span class='ocr_line' id='line_1_2' title="bbox 357 391 2445 472; baseline 0 -17"><span class='ocrx_word' id='word_1_7' title='bbox 357 411 436 455; x_wconf 90' lang='lat' dir='ltr'><strong>ac</strong></span> <span class='ocrx_word' id='word_1_8' title='bbox 478 392 712 454; x_wconf 92' lang='lat' dir='ltr'><strong>sedulo</strong></span> <span class='ocrx_word' id='word_1_9' title='bbox 752 398 1022 470; x_wconf 91' lang='lat' dir='ltr'><strong>tempus</strong></span> <span class='ocrx_word' id='word_1_10' title='bbox 1061 397 1296 469; x_wconf 92' lang='lat' dir='ltr'><strong>terere,</strong></span> <span class='ocrx_word' id='word_1_11' title='bbox 1343 408 1474 470; x_wconf 91' lang='lat' dir='ltr'><strong>quo</strong></span> <span class='ocrx_word' id='word_1_12' title='bbox 1521 391 1771 454; x_wconf 92' lang='lat' dir='ltr'><strong>diutius</strong></span> <span class='ocrx_word' id='word_1_13' title='bbox 1810 393 1881 453; x_wconf 95' lang='lat' dir='ltr'><strong>in</strong></span> <span class='ocrx_word' id='word_1_14' title='bbox 1921 394 2319 472; x_wconf 88' lang='lat' dir='ltr'><strong>magistratu</strong></span> <span class='ocrx_word' id='word_1_15' title='bbox 2358 395 2445 456; x_wconf 91' lang='lat' dir='ltr'><strong>sit</strong></span> 
     </span>
     <span class='ocr_line' id='line_1_3' title="bbox 357 491 2441 572; baseline 0.001 -17"><span class='ocrx_word' id='word_1_16' title='bbox 357 495 674 572; x_wconf 90' lang='lat' dir='ltr'><strong>solusque</strong></span> <span class='ocrx_word' id='word_1_17' title='bbox 730 500 797 555; x_wconf 90' lang='lat' dir='ltr'><strong>et</strong></span> <span class='ocrx_word' id='word_1_18' title='bbox 851 494 1107 554; x_wconf 89' lang='lat' dir='ltr'><strong>Romae</strong></span> <span class='ocrx_word' id='word_1_19' title='bbox 1164 498 1229 552; x_wconf 92' lang='lat' dir='ltr'><strong>et</strong></span> <span class='ocrx_word' id='word_1_20' title='bbox 1282 491 1352 551; x_wconf 94' lang='lat' dir='ltr'><strong>in</strong></span> <span class='ocrx_word' id='word_1_21' title='bbox 1407 492 1702 554; x_wconf 84' lang='lat' dir='ltr'><strong>exercitu</strong></span> <span class='ocrx_word' id='word_1_22' title='bbox 1755 493 2118 571; x_wconf 92' lang='lat' dir='ltr'><strong>imperium</strong></span> <span class='ocrx_word' id='word_1_23' title='bbox 2170 495 2441 557; x_wconf 89' lang='lat' dir='ltr'><strong>habeat.</strong></span> 
     </span>
     <span class='ocr_line' id='line_1_4' title="bbox 357 587 2511 673; baseline -0 -19"><span class='ocrx_word' id='word_1_24' title='bbox 357 595 620 673; x_wconf 85' lang='lat' dir='ltr'><strong>Quippe</strong></span> <span class='ocrx_word' id='word_1_25' title='bbox 678 594 1035 656; x_wconf 90' lang='lat' dir='ltr'><strong>consulum</strong></span> <span class='ocrx_word' id='word_1_26' title='bbox 1089 594 1379 654; x_wconf 89' lang='lat' dir='ltr'><strong>alterum</strong></span> <span class='ocrx_word' id='word_1_27' title='bbox 1432 592 1505 652; x_wconf 92' lang='lat' dir='ltr'><strong>in</strong></span> <span class='ocrx_word' id='word_1_28' title='bbox 1559 593 1701 654; x_wconf 88' lang='lat' dir='ltr'><strong>acie</strong></span> <span class='ocrx_word' id='word_1_29' title='bbox 1759 594 2099 672; x_wconf 89' lang='lat' dir='ltr'><strong>cecidisse,</strong></span> <span class='ocrx_word' id='word_1_30' title='bbox 2155 587 2445 656; x_wconf 81' lang='lat' dir='ltr'><strong>alterum</strong></span> <span class='ocrx_word' id='word_1_31' title='bbox 2476 603 2511 653; x_wconf 85' lang='lat'>5</span> 
     </span>
     <span class='ocr_line' id='line_1_5' title="bbox 357 692 2444 773; baseline 0 -17"><span class='ocrx_word' id='word_1_32' title='bbox 357 695 576 773; x_wconf 90' lang='lat' dir='ltr'><strong>specie</strong></span> <span class='ocrx_word' id='word_1_33' title='bbox 632 694 862 756; x_wconf 89' lang='lat' dir='ltr'><strong>classis</strong></span> <span class='ocrx_word' id='word_1_34' title='bbox 914 692 1206 755; x_wconf 84' lang='lat' dir='ltr'><strong>Punicae</strong></span> <span class='ocrx_word' id='word_1_35' title='bbox 1264 693 1765 771; x_wconf 90' lang='lat' dir='ltr'><strong>persequendae</strong></span> <span class='ocrx_word' id='word_1_36' title='bbox 1823 695 2053 772; x_wconf 89' lang='lat' dir='ltr'><strong>procul</strong></span> <span class='ocrx_word' id='word_1_37' title='bbox 2104 693 2193 756; x_wconf 89' lang='lat' dir='ltr'><strong>ab</strong></span> <span class='ocrx_word' id='word_1_38' title='bbox 2246 695 2444 756; x_wconf 89' lang='lat' dir='ltr'><strong>Italia</strong></span> 
     </span>
     <span class='ocr_line' id='line_1_6' title="bbox 355 792 2513 875; baseline 0.001 -20"><span class='ocrx_word' id='word_1_39' title='bbox 355 795 778 875; x_wconf 81' lang='lat' dir='ltr'><strong>ablegatum3</strong></span> <span class='ocrx_word' id='word_1_40' title='bbox 828 794 996 855; x_wconf 91' lang='lat' dir='ltr'><strong>duos</strong></span> <span class='ocrx_word' id='word_1_41' title='bbox 1033 798 1372 871; x_wconf 89' lang='lat' dir='ltr'><strong>praetores</strong></span> <span class='ocrx_word' id='word_1_42' title='bbox 1405 792 1631 854; x_wconf 87' lang='lat' dir='ltr'>Sicilia</span> <span class='ocrx_word' id='word_1_43' title='bbox 1663 799 1867 872; x_wconf 89' lang='lat' dir='ltr'><strong>atque</strong></span> <span class='ocrx_word' id='word_1_44' title='bbox 1901 794 2211 856; x_wconf 83' lang='lat' dir='ltr'>Sardinia</span> <span class='ocrx_word' id='word_1_45' title='bbox 2245 813 2442 858; x_wconf 90' lang='lat' dir='ltr'><strong>occu·</strong></span> <span class='ocrx_word' id='word_1_46' title='bbox 2476 806 2513 858; x_wconf 81' lang='grc'>6</span> 
     </span>
     <span class='ocr_line' id='line_1_7' title="bbox 359 893 2444 975; baseline 0.001 -20"><span class='ocrx_word' id='word_1_47' title='bbox 359 902 575 974; x_wconf 90' lang='lat' dir='ltr'><strong>patos,</strong></span> <span class='ocrx_word' id='word_1_48' title='bbox 645 911 933 974; x_wconf 89' lang='lat' dir='ltr'><strong>quarum</strong></span> <span class='ocrx_word' id='word_1_49' title='bbox 993 898 1235 954; x_wconf 89' lang='lat' dir='ltr'><strong>neutra</strong></span> <span class='ocrx_word' id='word_1_50' title='bbox 1296 893 1423 955; x_wconf 91' lang='lat' dir='ltr'><strong>hoc</strong></span> <span class='ocrx_word' id='word_1_51' title='bbox 1485 899 1789 972; x_wconf 91' lang='lat' dir='ltr'><strong>tempore</strong></span> <span class='ocrx_word' id='word_1_52' title='bbox 1856 900 2158 973; x_wconf 90' lang='lat' dir='ltr'><strong>praetore</strong></span> <span class='ocrx_word' id='word_1_53' title='bbox 2222 903 2444 975; x_wconf 80' lang='lat' dir='ltr'><strong>egeat3</strong></span> 
     </span>
     <span class='ocr_line' id='line_1_8' title="bbox 353 993 2441 1073; baseline 0.001 -17"><span class='ocrx_word' id='word_1_54' title='bbox 353 996 446 1056; x_wconf 81' lang='lat' dir='ltr'><strong>M.</strong></span> <span class='ocrx_word' id='word_1_55' title='bbox 491 995 868 1056; x_wconf 84' lang='lat' dir='ltr'><strong>Minucium</strong></span> <span class='ocrx_word' id='word_1_56' title='bbox 908 993 1310 1073; x_wconf 86' lang='lat' dir='ltr'><strong>magistrum</strong></span> <span class='ocrx_word' id='word_1_57' title='bbox 1351 993 1682 1072; x_wconf 91' lang='lat' dir='ltr'><strong>equitum,</strong></span> <span class='ocrx_word' id='word_1_58' title='bbox 1725 1011 1809 1054; x_wconf 93' lang='lat' dir='ltr'><strong>ne</strong></span> <span class='ocrx_word' id='word_1_59' title='bbox 1852 994 2120 1056; x_wconf 89' lang='lat' dir='ltr'><strong>hostem.</strong></span> <span class='ocrx_word' id='word_1_60' title='bbox 2159 995 2441 1072; x_wconf 87' lang='lat' dir='ltr'><strong>videret,</strong></span> 
     </span>
     <span class='ocr_line' id='line_1_9' title="bbox 352 1093 2438 1173; baseline 0.001 -18"><span class='ocrx_word' id='word_1_61' title='bbox 352 1113 438 1156; x_wconf 92' lang='lat' dir='ltr'><strong>ne</strong></span> <span class='ocrx_word' id='word_1_62' title='bbox 478 1095 637 1173; x_wconf 95' lang='lat' dir='ltr'><strong>quid</strong></span> <span class='ocrx_word' id='word_1_63' title='bbox 671 1095 765 1156; x_wconf 91' lang='lat' dir='ltr'><strong>rei</strong></span> <span class='ocrx_word' id='word_1_64' title='bbox 802 1093 1076 1155; x_wconf 84' lang='lat' dir='ltr'>bellicae</span> <span class='ocrx_word' id='word_1_65' title='bbox 1110 1097 1387 1171; x_wconf 82' lang='lat' dir='ltr'><strong>gereret,</strong></span> <span class='ocrx_word' id='word_1_66' title='bbox 1426 1110 1631 1172; x_wconf 86' lang='lat' dir='ltr'><strong>prope</strong></span> <span class='ocrx_word' id='word_1_67' title='bbox 1664 1094 1736 1153; x_wconf 95' lang='lat' dir='ltr'><strong>in</strong></span> <span class='ocrx_word' id='word_1_68' title='bbox 1768 1095 2075 1156; x_wconf 90' lang='lat' dir='ltr'><strong>custodia</strong></span> <span class='ocrx_word' id='word_1_69' title='bbox 2105 1095 2438 1158; x_wconf 90' lang='lat' dir='ltr'><strong>habitum.</strong></span> 
     </span>
     <span class='ocr_line' id='line_1_10' title="bbox 351 1193 2511 1274; baseline -0 -16"><span class='ocrx_word' id='word_1_70' title='bbox 351 1195 605 1273; x_wconf 66' lang='lat' dir='ltr'><strong>Itaque,</strong></span> <span class='ocrx_word' id='word_1_71' title='bbox 636 1195 902 1256; x_wconf 87' lang='lat' dir='ltr'><strong>hercule</strong></span> <span class='ocrx_word' id='word_1_72' title='bbox 943 1212 1082 1256; x_wconf 95' lang='lat' dir='ltr'><strong>non</strong></span> <span class='ocrx_word' id='word_1_73' title='bbox 1128 1193 1479 1255; x_wconf 93' lang='lat' dir='ltr'><strong>Samnium</strong></span> <span class='ocrx_word' id='word_1_74' title='bbox 1504 1194 1732 1270; x_wconf 92' lang='lat' dir='ltr'><strong>modo,</strong></span> <span class='ocrx_word' id='word_1_75' title='bbox 1766 1194 2062 1272; x_wconf 89' lang='lat' dir='ltr'><strong>quoiam</strong></span> <span class='ocrx_word' id='word_1_76' title='bbox 2086 1200 2441 1274; x_wconf 87' lang='lat' dir='ltr'>tamquam</span> <span class='ocrx_word' id='word_1_77' title='bbox 2474 1204 2511 1257; x_wconf 83' lang='grc'><strong>’7</strong></span> 
     </span>
     <span class='ocr_line' id='line_1_11' title="bbox 352 1293 2441 1373; baseline -0.001 -15"><span class='ocrx_word' id='word_1_78' title='bbox 352 1301 541 1358; x_wconf 90' lang='lat' dir='ltr'><strong>trans</strong></span> <span class='ocrx_word' id='word_1_79' title='bbox 591 1295 922 1356; x_wconf 92' lang='lat' dir='ltr'><strong>Hiberum</strong></span> <span class='ocrx_word' id='word_1_80' title='bbox 970 1312 1131 1373; x_wconf 87' lang='lat' dir='ltr'><strong>agro</strong></span> <span class='ocrx_word' id='word_1_81' title='bbox 1181 1293 1423 1355; x_wconf 88' lang='lat' dir='ltr'><strong>Poenis</strong></span> <span class='ocrx_word' id='word_1_82' title='bbox 1472 1311 1867 1355; x_wconf 90' lang='lat' dir='ltr'><strong>concessum</strong></span> <span class='ocrx_word' id='word_1_83' title='bbox 1916 1294 2024 1373; x_wconf 90' lang='lat' dir='ltr'><strong>sit,</strong></span> <span class='ocrx_word' id='word_1_84' title='bbox 2076 1297 2194 1357; x_wconf 92' lang='lat' dir='ltr'><strong>sed</strong></span> <span class='ocrx_word' id='word_1_85' title='bbox 2244 1297 2441 1357; x_wconf 90' lang='lat' dir='ltr'><strong>Cam-</strong></span> 
     </span>
     <span class='ocr_line' id='line_1_12' title="bbox 356 1394 2441 1475; baseline 0 -18"><span class='ocrx_word' id='word_1_86' title='bbox 356 1413 612 1475; x_wconf 86' lang='lat' dir='ltr'><strong>panum</strong></span> <span class='ocrx_word' id='word_1_87' title='bbox 665 1394 1123 1472; x_wconf 89' lang='lat' dir='ltr'><strong>Calenumque</strong></span> <span class='ocrx_word' id='word_1_88' title='bbox 1173 1399 1239 1455; x_wconf 91' lang='lat' dir='ltr'><strong>et</strong></span> <span class='ocrx_word' id='word_1_89' title='bbox 1293 1394 1655 1454; x_wconf 85' lang='lat' dir='ltr'><strong>Falernum</strong></span> <span class='ocrx_word' id='word_1_90' title='bbox 1708 1411 1947 1473; x_wconf 86' lang='lat' dir='ltr'><strong>agrum</strong></span> <span class='ocrx_word' id='word_1_91' title='bbox 2021 1401 2441 1473; x_wconf 85' lang='lat' dir='ltr'><strong>pervastatos</strong></span> 
     </span>
     <span class='ocr_line' id='line_1_13' title="bbox 351 1493 2441 1574; baseline -0.001 -16"><span class='ocrx_word' id='word_1_92' title='bbox 351 1514 520 1574; x_wconf 90' lang='lat' dir='ltr'><strong>esse,</strong></span> <span class='ocrx_word' id='word_1_93' title='bbox 582 1496 854 1557; x_wconf 84' lang='lat' dir='ltr'><strong>sedente</strong></span> <span class='ocrx_word' id='word_1_94' title='bbox 919 1493 1192 1556; x_wconf 87' lang='lat' dir='ltr'>Casilini</span> <span class='ocrx_word' id='word_1_95' title='bbox 1259 1493 1581 1556; x_wconf 88' lang='lat' dir='ltr'><strong>dictatore</strong></span> <span class='ocrx_word' id='word_1_96' title='bbox 1644 1499 1709 1555; x_wconf 93' lang='lat' dir='ltr'><strong>et</strong></span> <span class='ocrx_word' id='word_1_97' title='bbox 1769 1493 2144 1573; x_wconf 86' lang='lat' dir='ltr'><strong>legionibus</strong></span> <span class='ocrx_word' id='word_1_98' title='bbox 2208 1497 2441 1574; x_wconf 89' lang='lat' dir='ltr'><strong>populi</strong></span> 
     </span>
     <span class='ocr_line' id='line_1_14' title="bbox 351 1593 2510 1674; baseline 0 -17"><span class='ocrx_word' id='word_1_99' title='bbox 351 1595 644 1657; x_wconf 89' lang='lat' dir='ltr'><strong>Romani</strong></span> <span class='ocrx_word' id='word_1_100' title='bbox 701 1612 940 1674; x_wconf 88' lang='lat' dir='ltr'><strong>agrum</strong></span> <span class='ocrx_word' id='word_1_101' title='bbox 987 1609 1189 1655; x_wconf 91' lang='lat' dir='ltr'><strong>suum</strong></span> <span class='ocrx_word' id='word_1_102' title='bbox 1244 1599 1534 1654; x_wconf 88' lang='lat' dir='ltr'><strong>tutante.</strong></span> <span class='ocrx_word' id='word_1_103' title='bbox 1625 1593 2009 1655; x_wconf 86' lang='lat' dir='ltr'><strong>Exercitum</strong></span> <span class='ocrx_word' id='word_1_104' title='bbox 2056 1593 2441 1674; x_wconf 92' lang='lat' dir='ltr'><strong>cupientem</strong></span> <span class='ocrx_word' id='word_1_105' title='bbox 2473 1606 2510 1657; x_wconf 88' lang='lat'>8</span> 
     </span>
     <span class='ocr_line' id='line_1_15' title="bbox 356 1693 2436 1775; baseline 0 -19"><span class='ocrx_word' id='word_1_106' title='bbox 356 1713 655 1775; x_wconf 88' lang='lat' dir='ltr'><strong>pugnare</strong></span> <span class='ocrx_word' id='word_1_107' title='bbox 716 1701 782 1756; x_wconf 92' lang='lat' dir='ltr'><strong>et</strong></span> <span class='ocrx_word' id='word_1_108' title='bbox 841 1694 1242 1773; x_wconf 86' lang='lat' dir='ltr'><strong>magistrum</strong></span> <span class='ocrx_word' id='word_1_109' title='bbox 1301 1693 1611 1771; x_wconf 89' lang='lat' dir='ltr'><strong>equitum</strong></span> <span class='ocrx_word' id='word_1_110' title='bbox 1670 1694 1934 1755; x_wconf 88' lang='lat' dir='ltr'><strong>clausos</strong></span> <span class='ocrx_word' id='word_1_111' title='bbox 1992 1711 2195 1773; x_wconf 86' lang='lat' dir='ltr'><strong>prope</strong></span> <span class='ocrx_word' id='word_1_112' title='bbox 2255 1695 2436 1756; x_wconf 89' lang='lat' dir='ltr'><strong>intra</strong></span> 
     </span>
     <span class='ocr_line' id='line_1_16' title="bbox 352 1792 2439 1871; baseline -0 -14"><span class='ocrx_word' id='word_1_113' title='bbox 352 1797 614 1858; x_wconf 86' lang='lat' dir='ltr'><strong>vallum</strong></span> <span class='ocrx_word' id='word_1_114' title='bbox 684 1800 1001 1871; x_wconf 90' lang='lat' dir='ltr'><strong>retentos,</strong></span> <span class='ocrx_word' id='word_1_115' title='bbox 1075 1799 1433 1871; x_wconf 89' lang='lat' dir='ltr'><strong>tamquam</strong></span> <span class='ocrx_word' id='word_1_116' title='bbox 1506 1792 1815 1855; x_wconf 90' lang='lat' dir='ltr'><strong>hostibus</strong></span> <span class='ocrx_word' id='word_1_117' title='bbox 1888 1793 2175 1871; x_wconf 87' lang='lat' dir='ltr'><strong>captivis</strong></span> <span class='ocrx_word' id='word_1_118' title='bbox 2248 1813 2439 1856; x_wconf 90' lang='lat' dir='ltr'><strong>arma</strong></span> 
     </span>
     <span class='ocr_line' id='line_1_17' title="bbox 351 1892 2509 1980; baseline -0.003 -23"><span class='ocrx_word' id='word_1_119' title='bbox 351 1897 695 1974; x_wconf 86' lang='lat' dir='ltr'><strong>adempta.</strong></span> <span class='ocrx_word' id='word_1_120' title='bbox 787 1895 1111 1972; x_wconf 85' lang='lat' dir='ltr'><strong>Tandem,</strong></span> <span class='ocrx_word' id='word_1_121' title='bbox 1174 1899 1250 1955; x_wconf 89' lang='lat' dir='ltr'><strong>ut</strong></span> <span class='ocrx_word' id='word_1_122' title='bbox 1311 1893 1710 1955; x_wconf 89' lang='lat' dir='ltr'><strong>abscesserit</strong></span> <span class='ocrx_word' id='word_1_123' title='bbox 1770 1892 1927 1954; x_wconf 92' lang='lat' dir='ltr'><strong>inde</strong></span> <span class='ocrx_word' id='word_1_124' title='bbox 1994 1893 2299 1980; x_wconf 90' lang='lat' dir='ltr'><strong>dictator,</strong></span> <span class='ocrx_word' id='word_1_125' title='bbox 2362 1901 2438 1955; x_wconf 90' lang='lat' dir='ltr'><strong>ut</strong></span> <span class='ocrx_word' id='word_1_126' title='bbox 2471 1899 2509 1950; x_wconf 83' lang='grc'>9</span> 
     </span>
     <span class='ocr_line' id='line_1_18' title="bbox 352 1992 2437 2085; baseline -0.001 -28"><span class='ocrx_word' id='word_1_127' title='bbox 352 1996 702 2085; x_wconf 67' lang='lat' dir='ltr'><strong>obsidione</strong></span> <span class='ocrx_word' id='word_1_128' title='bbox 754 1994 1097 2070; x_wconf 89' lang='lat' dir='ltr'><strong>liberatos,</strong></span> <span class='ocrx_word' id='word_1_129' title='bbox 1152 1999 1338 2054; x_wconf 88' lang='lat' dir='ltr'><strong>extra</strong></span> <span class='ocrx_word' id='word_1_130' title='bbox 1391 1993 1651 2054; x_wconf 84' lang='lat' dir='ltr'><strong>vallum</strong></span> <span class='ocrx_word' id='word_1_131' title='bbox 1703 2009 2000 2071; x_wconf 86' lang='lat' dir='ltr'><strong>egressos</strong></span> <span class='ocrx_word' id='word_1_132' title='bbox 2052 1992 2305 2055; x_wconf 85' lang='lat' dir='ltr'><strong>fudisse</strong></span> <span class='ocrx_word' id='word_1_133' title='bbox 2358 2013 2437 2055; x_wconf 90' lang='lat' dir='ltr'><strong>ac</strong></span> 
     </span>
     <span class='ocr_line' id='line_1_19' title="bbox 350 2091 2547 2188; baseline -0.001 -32"><span class='ocrx_word' id='word_1_134' title='bbox 350 2096 620 2188; x_wconf 85' lang='lat' dir='ltr'><strong>fugasse</strong></span> <span class='ocrx_word' id='word_1_135' title='bbox 654 2095 887 2156; x_wconf 76' lang='lat' dir='ltr'><strong>hostis,</strong></span> <span class='ocrx_word' id='word_1_136' title='bbox 981 2095 1160 2172; x_wconf 86' lang='lat' dir='ltr'><strong>Quas</strong></span> <span class='ocrx_word' id='word_1_137' title='bbox 1195 2093 1282 2153; x_wconf 94' lang='lat' dir='ltr'><strong>ob</strong></span> <span class='ocrx_word' id='word_1_138' title='bbox 1314 2110 1441 2169; x_wconf 90' lang='lat' dir='ltr'><strong>res,</strong></span> <span class='ocrx_word' id='word_1_139' title='bbox 1475 2093 1533 2152; x_wconf 91' lang='lat' dir='ltr'><strong>si</strong></span> <span class='ocrx_word' id='word_1_140' title='bbox 1565 2091 1887 2170; x_wconf 90' lang='lat' dir='ltr'><strong>antiquus</strong></span> <span class='ocrx_word' id='word_1_141' title='bbox 1921 2093 2185 2154; x_wconf 91' lang='lat' dir='ltr'><strong>animus</strong></span> <span class='ocrx_word' id='word_1_142' title='bbox 2223 2093 2441 2171; x_wconf 89' lang='lat' dir='ltr'><strong>plebei</strong></span> <span class='ocrx_word' id='word_1_143' title='bbox 2475 2103 2547 2154; x_wconf 90' lang='grc' dir='ltr'><strong>1ο</strong></span> 
     </span>
     <span class='ocr_line' id='line_1_20' title="bbox 349 2191 2436 2273; baseline -0.001 -16"><span class='ocrx_word' id='word_1_144' title='bbox 349 2196 698 2257; x_wconf 89' lang='lat' dir='ltr'><strong>Romanae</strong></span> <span class='ocrx_word' id='word_1_145' title='bbox 729 2199 920 2271; x_wconf 91' lang='lat' dir='ltr'><strong>esset,</strong></span> <span class='ocrx_word' id='word_1_146' title='bbox 940 2193 1278 2255; x_wconf 87' lang='lat' dir='ltr'><strong>audaciter</strong></span> <span class='ocrx_word' id='word_1_147' title='bbox 1295 2208 1364 2252; x_wconf 91' lang='lat' dir='ltr'><strong>se</strong></span> <span class='ocrx_word' id='word_1_148' title='bbox 1382 2191 1681 2252; x_wconf 90' lang='lat' dir='ltr'><strong>laturum</strong></span> <span class='ocrx_word' id='word_1_149' title='bbox 1696 2191 1902 2253; x_wconf 85' lang='lat' dir='ltr'><strong>fuisse</strong></span> <span class='ocrx_word' id='word_1_150' title='bbox 1934 2193 2013 2254; x_wconf 90' lang='lat' dir='ltr'><strong>de</strong></span> <span class='ocrx_word' id='word_1_151' title='bbox 2044 2194 2436 2273; x_wconf 87' lang='lat' dir='ltr'><strong>abrogando</strong></span> 
     </span>
     <span class='ocr_line' id='line_1_21' title="bbox 352 2291 2438 2374; baseline -0 -18"><span class='ocrx_word' id='word_1_152' title='bbox 352 2297 427 2374; x_wconf 88' lang='lat' dir='ltr'><strong>Q.</strong></span> <span class='ocrx_word' id='word_1_153' title='bbox 474 2296 640 2357; x_wconf 89' lang='lat' dir='ltr'><strong>Fabi</strong></span> <span class='ocrx_word' id='word_1_154' title='bbox 696 2294 1010 2372; x_wconf 89' lang='lat' dir='ltr'><strong>imperio;</strong></span> <span class='ocrx_word' id='word_1_155' title='bbox 1070 2310 1250 2353; x_wconf 93' lang='lat' dir='ltr'><strong>nunc</strong></span> <span class='ocrx_word' id='word_1_156' title='bbox 1293 2291 1636 2353; x_wconf 92' lang='lat' dir='ltr'><strong>modicam</strong></span> <span class='ocrx_word' id='word_1_157' title='bbox 1677 2291 2097 2371; x_wconf 88' lang='lat' dir='ltr'><strong>rogationem</strong></span> <span class='ocrx_word' id='word_1_158' title='bbox 2144 2297 2438 2371; x_wconf 90' lang='lat' dir='ltr'><strong>promul-</strong></span> 
     </span>
     <span class='ocr_line' id='line_1_22' title="bbox 349 2392 2437 2475; baseline -0 -19"><span class='ocrx_word' id='word_1_159' title='bbox 349 2403 668 2475; x_wconf 87' lang='lat' dir='ltr'><strong>gaturum</strong></span> <span class='ocrx_word' id='word_1_160' title='bbox 716 2395 794 2456; x_wconf 90' lang='lat' dir='ltr'><strong>de</strong></span> <span class='ocrx_word' id='word_1_161' title='bbox 839 2393 1198 2472; x_wconf 86' lang='lat' dir='ltr'><strong>aequando</strong></span> <span class='ocrx_word' id='word_1_162' title='bbox 1259 2392 1563 2471; x_wconf 86' lang='lat' dir='ltr'><strong>magistri</strong></span> <span class='ocrx_word' id='word_1_163' title='bbox 1607 2392 1915 2470; x_wconf 92' lang='lat' dir='ltr'><strong>equitum</strong></span> <span class='ocrx_word' id='word_1_164' title='bbox 1971 2399 2036 2455; x_wconf 89' lang='lat' dir='ltr'><strong>et</strong></span> <span class='ocrx_word' id='word_1_165' title='bbox 2094 2393 2437 2456; x_wconf 88' lang='lat' dir='ltr'><strong>dictatoris</strong></span> 
     </span>
     <span class='ocr_line' id='line_1_23' title="bbox 347 2493 2540 2571; baseline 0.001 -15"><span class='ocrx_word' id='word_1_166' title='bbox 347 2496 514 2558; x_wconf 91' lang='lat' dir='ltr'><strong>iure.</strong></span> <span class='ocrx_word' id='word_1_167' title='bbox 605 2497 739 2557; x_wconf 83' lang='lat' dir='ltr'><strong>Nec</strong></span> <span class='ocrx_word' id='word_1_168' title='bbox 771 2501 1002 2557; x_wconf 87' lang='lat' dir='ltr'><strong>tamen</strong></span> <span class='ocrx_word' id='word_1_169' title='bbox 1058 2511 1142 2554; x_wconf 91' lang='lat' dir='ltr'><strong>ne</strong></span> <span class='ocrx_word' id='word_1_170' title='bbox 1205 2493 1301 2555; x_wconf 89' lang='lat' dir='ltr'><strong>ita</strong></span> <span class='ocrx_word' id='word_1_171' title='bbox 1355 2493 1629 2571; x_wconf 91' lang='lat' dir='ltr'><strong>quidem</strong></span> <span class='ocrx_word' id='word_1_172' title='bbox 1680 2493 1863 2571; x_wconf 94' lang='lat' dir='ltr'><strong>prius</strong></span> <span class='ocrx_word' id='word_1_173' title='bbox 1895 2493 2303 2555; x_wconf 91' lang='lat' dir='ltr'><strong>mittendum</strong></span> <span class='ocrx_word' id='word_1_174' title='bbox 2346 2495 2435 2556; x_wconf 89' lang='lat' dir='ltr'><strong>ad</strong></span> <span class='ocrx_word' id='word_1_175' title='bbox 2472 2508 2540 2558; x_wconf 94' lang='grc'><strong>11</strong></span> 
     </span>
     <span class='ocr_line' id='line_1_24' title="bbox 349 2593 2431 2673; baseline -0.001 -15"><span class='ocrx_word' id='word_1_176' title='bbox 349 2596 717 2658; x_wconf 85' lang='lat' dir='ltr'><strong>exercitum</strong></span> <span class='ocrx_word' id='word_1_177' title='bbox 777 2596 852 2673; x_wconf 88' lang='lat' dir='ltr'><strong>Q.</strong></span> <span class='ocrx_word' id='word_1_178' title='bbox 901 2594 1211 2671; x_wconf 89' lang='lat' dir='ltr'><strong>Fabium,</strong></span> <span class='ocrx_word' id='word_1_179' title='bbox 1263 2610 1470 2672; x_wconf 89' lang='lat' dir='ltr'><strong>quam</strong></span> <span class='ocrx_word' id='word_1_180' title='bbox 1538 2595 1884 2656; x_wconf 90' lang='lat' dir='ltr'><strong>consulem</strong></span> <span class='ocrx_word' id='word_1_181' title='bbox 1935 2593 2005 2653; x_wconf 96' lang='lat' dir='ltr'><strong>in</strong></span> <span class='ocrx_word' id='word_1_182' title='bbox 2058 2594 2283 2655; x_wconf 94' lang='lat' dir='ltr'><strong>locum</strong></span> <span class='ocrx_word' id='word_1_183' title='bbox 2362 2596 2431 2656; x_wconf 90' lang='lat' dir='ltr'><strong>C.</strong></span> 
     </span>
    </p>
   </div>
   <div class='ocr_carea' id='block_1_3' title="bbox 348 2695 2541 2857">
    <p class='ocr_par' dir='ltr' id='par_1_3' title="bbox 348 2695 2541 2857">
     <span class='ocr_line' id='line_1_25' title="bbox 348 2695 1070 2758; baseline -0.003 0"><span class='ocrx_word' id='word_1_184' title='bbox 348 2696 638 2758; x_wconf 91' lang='lat' dir='ltr'><strong>Flamini</strong></span> <span class='ocrx_word' id='word_1_185' title='bbox 677 2695 1070 2757; x_wconf 83' lang='lat' dir='ltr'><strong>suffecisset.</strong></span> 
     </span>
     <span class='ocr_line' id='line_1_26' title="bbox 508 2793 2541 2857; baseline 0 -2"><span class='ocrx_word' id='word_1_186' title='bbox 508 2796 810 2857; x_wconf 89' lang='lat' dir='ltr'><strong>Dictator</strong></span> <span class='ocrx_word' id='word_1_187' title='bbox 847 2793 1275 2856; x_wconf 91' lang='lat' dir='ltr'><strong>contionibus</strong></span> <span class='ocrx_word' id='word_1_188' title='bbox 1303 2811 1373 2854; x_wconf 91' lang='lat' dir='ltr'><strong>se</strong></span> <span class='ocrx_word' id='word_1_189' title='bbox 1406 2793 1735 2855; x_wconf 90' lang='lat' dir='ltr'><strong>abstinuit</strong></span> <span class='ocrx_word' id='word_1_190' title='bbox 1761 2793 1831 2853; x_wconf 92' lang='lat' dir='ltr'><strong>in</strong></span> <span class='ocrx_word' id='word_1_191' title='bbox 1858 2793 2120 2855; x_wconf 90' lang='lat' dir='ltr'><strong>actione</strong></span> <span class='ocrx_word' id='word_1_192' title='bbox 2158 2793 2434 2854; x_wconf 90' lang='lat' dir='ltr'><strong>minime</strong></span> <span class='ocrx_word' id='word_1_193' title='bbox 2471 2804 2541 2855; x_wconf 86' lang='lat'><strong>12</strong></span> 
     </span>
    </p>
   </div>
   <div class='ocr_carea' id='block_1_4' title="bbox 347 2893 2433 3073">
    <p class='ocr_par' dir='ltr' id='par_1_4' title="bbox 347 2893 2433 3073">
     <span class='ocr_line' id='line_1_27' title="bbox 352 2893 2433 2975; baseline -0.001 -19"><span class='ocrx_word' id='word_1_194' title='bbox 352 2895 717 2975; x_wconf 78' lang='lat' dir='ltr'><strong>popularis,</strong></span> <span class='ocrx_word' id='word_1_195' title='bbox 807 2895 900 2955; x_wconf 87' lang='lat' dir='ltr'><strong>Ne</strong></span> <span class='ocrx_word' id='word_1_196' title='bbox 947 2894 1017 2953; x_wconf 92' lang='lat' dir='ltr'><strong>in</strong></span> <span class='ocrx_word' id='word_1_197' title='bbox 1063 2899 1302 2955; x_wconf 91' lang='lat' dir='ltr'><strong>senatu</strong></span> <span class='ocrx_word' id='word_1_198' title='bbox 1353 2893 1626 2971; x_wconf 91' lang='lat' dir='ltr'><strong>quidem</strong></span> <span class='ocrx_word' id='word_1_199' title='bbox 1669 2893 1833 2955; x_wconf 90' lang='lat' dir='ltr'><strong>satis</strong></span> <span class='ocrx_word' id='word_1_200' title='bbox 1876 2893 2111 2971; x_wconf 91' lang='lat' dir='ltr'><strong>aequis</strong></span> <span class='ocrx_word' id='word_1_201' title='bbox 2155 2893 2433 2955; x_wconf 89' lang='lat' dir='ltr'><strong>auribus</strong></span> 
     </span>
     <span class='ocr_line' id='line_1_28' title="bbox 347 2992 2430 3073; baseline -0.002 -15"><span class='ocrx_word' id='word_1_202' title='bbox 347 2996 775 3073; x_wconf 90' lang='lat' dir='ltr'><strong>audiebatur,</strong></span> <span class='ocrx_word' id='word_1_203' title='bbox 815 3011 995 3055; x_wconf 92' lang='lat' dir='ltr'><strong>·cum</strong></span> <span class='ocrx_word' id='word_1_204' title='bbox 1053 2993 1318 3055; x_wconf 92' lang='lat' dir='ltr'><strong>hostem</strong></span> <span class='ocrx_word' id='word_1_205' title='bbox 1380 2993 1605 3055; x_wconf 87' lang='lat' dir='ltr'><strong>verbis</strong></span> <span class='ocrx_word' id='word_1_206' title='bbox 1665 2994 2007 3054; x_wconf 84' lang='lat' dir='ltr'><strong>extolleret</strong></span> <span class='ocrx_word' id='word_1_207' title='bbox 2072 2992 2430 3071; x_wconf 87' lang='lat' dir='ltr'><strong>biennique</strong></span> 
     </span>
    </p>
   </div>
   <div class='ocr_carea' id='block_1_5' title="bbox 344 3223 2426 3277">
    <p class='ocr_par' dir='ltr' id='par_1_5' title="bbox 344 3223 2426 3277">
     <span class='ocr_line' id='line_1_29' title="bbox 344 3223 2426 3277; baseline -0.003 -8"><span class='ocrx_word' id='word_1_208' title='bbox 344 3231 577 3269; x_wconf 71' lang='lat' dir='ltr'><strong>contr-ast,</strong></span> <span class='ocrx_word' id='word_1_209' title='bbox 593 3233 646 3268; x_wconf 84' lang='lat' dir='ltr'><strong>to</strong></span> <span class='ocrx_word' id='word_1_210' title='bbox 665 3227 832 3277; x_wconf 71' lang='lat' dir='ltr'><strong>qestae.</strong></span> <span class='ocrx_word' id='word_1_211' title='bbox 887 3227 962 3266; x_wconf 87' lang='lat' dir='ltr'><strong>He</strong></span> <span class='ocrx_word' id='word_1_212' title='bbox 990 3226 1090 3266; x_wconf 82' lang='lat' dir='ltr'><strong>had</strong></span> <span class='ocrx_word' id='word_1_213' title='bbox 1120 3224 1340 3276; x_wconf 84' lang='lat' dir='ltr'><strong>opposed</strong></span> <span class='ocrx_word' id='word_1_214' title='bbox 1484 3226 1531 3268; x_wconf 88' lang='grc'><strong>8.</strong></span> <span class='ocrx_word' id='word_1_215' title='bbox 1578 3223 1854 3269; x_wconf 79' lang='lat' dir='ltr'><strong>hostibus:</strong></span> <span class='ocrx_word' id='word_1_216' title='bbox 1874 3225 2043 3264; x_wconf 82' lang='lat' dir='ltr'><strong>dative</strong></span> <span class='ocrx_word' id='word_1_217' title='bbox 2057 3225 2110 3264; x_wconf 82' lang='lat' dir='ltr'><strong>ot</strong></span> <span class='ocrx_word' id='word_1_218' title='bbox 2122 3225 2426 3275; x_wconf 79' lang='lat' dir='ltr'><strong>separation.</strong></span> 
     </span>
    </p>
   </div>
   <div class='ocr_carea' id='block_1_6' title="bbox 342 3292 2451 3818">
    <p class='ocr_par' dir='ltr' id='par_1_6' title="bbox 342 3292 2451 3818">
     <span class='ocr_line' id='line_1_30' title="bbox 346 3292 2430 3344; baseline -0.004 -8"><span class='ocrx_word' id='word_1_219' title='bbox 346 3298 431 3336; x_wconf 83' lang='lat' dir='ltr'><strong>the</strong></span> <span class='ocrx_word' id='word_1_220' title='bbox 449 3295 621 3335; x_wconf 76' lang='lat' dir='ltr'><strong>efforts</strong></span> <span class='ocrx_word' id='word_1_221' title='bbox 639 3299 693 3334; x_wconf 82' lang='lat' dir='ltr'><strong>to</strong></span> <span class='ocrx_word' id='word_1_222' title='bbox 711 3293 860 3344; x_wconf 82' lang='lat' dir='ltr'><strong>bring</strong></span> <span class='ocrx_word' id='word_1_223' title='bbox 878 3295 1035 3334; x_wconf 80' lang='lat' dir='ltr'><strong>about</strong></span> <span class='ocrx_word' id='word_1_224' title='bbox 1049 3301 1116 3332; x_wconf 81' lang='lat' dir='ltr'><strong>an</strong></span> <span class='ocrx_word' id='word_1_225' title='bbox 1132 3300 1340 3341; x_wconf 83' lang='lat' dir='ltr'><strong>engage-</strong></span> <span class='ocrx_word' id='word_1_226' title='bbox 1485 3294 1531 3335; x_wconf 83' lang='grc'><strong>9.</strong></span> <span class='ocrx_word' id='word_1_227' title='bbox 1588 3294 1651 3336; x_wconf 82' lang='lat' dir='ltr'><strong>ut,</strong></span> <span class='ocrx_word' id='word_1_228' title='bbox 1669 3293 1961 3337; x_wconf 74' lang='lat' dir='ltr'><strong>uberatos:</strong></span> <span class='ocrx_word' id='word_1_229' title='bbox 1985 3297 2071 3332; x_wconf 81' lang='lat' dir='ltr'><strong>“as</strong></span> <span class='ocrx_word' id='word_1_230' title='bbox 2088 3292 2130 3331; x_wconf 81' lang='lat' dir='ltr'><strong>if</strong></span> <span class='ocrx_word' id='word_1_231' title='bbox 2148 3293 2281 3331; x_wconf 75' lang='lat' dir='ltr'><strong>freed</strong></span> <span class='ocrx_word' id='word_1_232' title='bbox 2298 3293 2430 3332; x_wconf 79' lang='lat' dir='ltr'><strong>trom</strong></span> 
     </span>
     <span class='ocr_line' id='line_1_31' title="bbox 344 3359 1617 3408; baseline -0.004 -6"><span class='ocrx_word' id='word_1_233' title='bbox 344 3366 507 3408; x_wconf 59' lang='lat' dir='ltr'><strong>meum</strong></span> <span class='ocrx_word' id='word_1_234' title='bbox 537 3370 650 3401; x_wconf 86' lang='lat' dir='ltr'><strong>now</strong></span> <span class='ocrx_word' id='word_1_235' title='bbox 668 3362 731 3400; x_wconf 86' lang='lat' dir='ltr'><strong>he</strong></span> <span class='ocrx_word' id='word_1_236' title='bbox 761 3361 978 3400; x_wconf 81' lang='lat' dir='ltr'><strong>tbwarts</strong></span> <span class='ocrx_word' id='word_1_237' title='bbox 1007 3359 1092 3398; x_wconf 86' lang='lat' dir='ltr'><strong>the</strong></span> <span class='ocrx_word' id='word_1_238' title='bbox 1119 3359 1340 3407; x_wconf 73' lang='lat' dir='ltr'><strong>recog-nl·</strong></span> <span class='ocrx_word' id='word_1_239' title='bbox 1432 3359 1617 3408; x_wconf 85' lang='lat' dir='ltr'><strong>siege.”</strong></span> 
     </span>
     <span class='ocr_line' id='line_1_32' title="bbox 345 3422 2430 3469; baseline -0.002 -1"><span class='ocrx_word' id='word_1_240' title='bbox 345 3428 455 3468; x_wconf 84' lang='lat' dir='ltr'><strong>tion</strong></span> <span class='ocrx_word' id='word_1_241' title='bbox 488 3428 543 3468; x_wconf 82' lang='lat' dir='ltr'><strong>ot</strong></span> <span class='ocrx_word' id='word_1_242' title='bbox 574 3429 660 3468; x_wconf 77' lang='lat' dir='ltr'><strong>the</strong></span> <span class='ocrx_word' id='word_1_243' title='bbox 694 3435 893 3468; x_wconf 86' lang='lat' dir='ltr'><strong>success</strong></span> <span class='ocrx_word' id='word_1_244' title='bbox 928 3426 1044 3466; x_wconf 77' lang='lat' dir='ltr'><strong>that</strong></span> <span class='ocrx_word' id='word_1_245' title='bbox 1079 3426 1174 3465; x_wconf 81' lang='lat' dir='ltr'><strong>has</strong></span> <span class='ocrx_word' id='word_1_246' title='bbox 1217 3426 1339 3466; x_wconf 89' lang='lat' dir='ltr'><strong>been</strong></span> <span class='ocrx_word' id='word_1_247' title='bbox 1486 3427 1564 3468; x_wconf 90' lang='grc'><strong>10.</strong></span> <span class='ocrx_word' id='word_1_248' title='bbox 1618 3425 1867 3468; x_wconf 77' lang='lat' dir='ltr'><strong>laturum</strong></span> <span class='ocrx_word' id='word_1_249' title='bbox 1894 3422 2341 3469; x_wconf 71' lang='lat' dir='ltr'><strong>m18802=tuli⁸sec</strong></span> <span class='ocrx_word' id='word_1_250' title='bbox 2375 3425 2430 3464; x_wconf 81' lang='lat' dir='ltr'><strong>of</strong></span> 
     </span>
     <span class='ocr_line' id='line_1_33' title="bbox 343 3492 1877 3536; baseline -0.003 -2"><span class='ocrx_word' id='word_1_251' title='bbox 343 3494 597 3536; x_wconf 76' lang='lat' dir='ltr'><strong>obtained.</strong></span> <span class='ocrx_word' id='word_1_252' title='bbox 1432 3492 1593 3531; x_wconf 77' lang='lat' dir='ltr'><strong>direct,</strong></span> <span class='ocrx_word' id='word_1_253' title='bbox 1609 3493 1877 3532; x_wconf 84' lang='lat' dir='ltr'><strong>discourse.</strong></span> 
     </span>
     <span class='ocr_line' id='line_1_34' title="bbox 395 3556 2427 3605; baseline -0.004 -1"><span class='ocrx_word' id='word_1_254' title='bbox 395 3562 441 3605; x_wconf 76' lang='grc' dir='ltr'><strong>ο.</strong></span> <span class='ocrx_word' id='word_1_255' title='bbox 490 3560 735 3604; x_wconf 74' lang='lat' dir='ltr'><strong>alterum</strong></span> <span class='ocrx_word' id='word_1_256' title='bbox 773 3590 784 3602; x_wconf 92' lang='lat'><strong>.</strong></span> <span class='ocrx_word' id='word_1_257' title='bbox 827 3590 840 3603; x_wconf 91' lang='lat'><strong>.</strong></span> <span class='ocrx_word' id='word_1_258' title='bbox 881 3589 894 3602; x_wconf 90' lang='lat'><strong>.</strong></span> <span class='ocrx_word' id='word_1_259' title='bbox 933 3558 1200 3602; x_wconf 76' lang='lat' dir='ltr'><strong>alterum:</strong></span> <span class='ocrx_word' id='word_1_260' title='bbox 1231 3556 1340 3598; x_wconf 80' lang='lat' dir='ltr'><strong>Fla·</strong></span> <span class='ocrx_word' id='word_1_261' title='bbox 1486 3559 1563 3602; x_wconf 90' lang='lat'><strong>11.</strong></span> <span class='ocrx_word' id='word_1_262' title='bbox 1620 3557 1952 3602; x_wconf 79' lang='lat' dir='ltr'><strong>suffecisset:</strong></span> <span class='ocrx_word' id='word_1_263' title='bbox 1976 3558 2062 3598; x_wconf 82' lang='lat' dir='ltr'><strong>the</strong></span> <span class='ocrx_word' id='word_1_264' title='bbox 2082 3556 2427 3598; x_wconf 63' lang='lat' dir='ltr'><strong>technicalex-</strong></span> 
     </span>
     <span class='ocr_line' id='line_1_35' title="bbox 343 3623 2425 3674; baseline -0.003 -6"><span class='ocrx_word' id='word_1_265' title='bbox 343 3627 549 3672; x_wconf 80' lang='lat' dir='ltr'><strong>minius,</strong></span> <span class='ocrx_word' id='word_1_266' title='bbox 578 3626 837 3667; x_wconf 78' lang='lat' dir='ltr'><strong>Servilius.</strong></span> <span class='ocrx_word' id='word_1_267' title='bbox 1433 3625 1662 3674; x_wconf 88' lang='lat' dir='ltr'><strong>pression</strong></span> <span class='ocrx_word' id='word_1_268' title='bbox 1697 3626 1777 3664; x_wconf 76' lang='lat' dir='ltr'><strong>tor</strong></span> <span class='ocrx_word' id='word_1_269' title='bbox 1811 3625 1897 3663; x_wconf 80' lang='lat' dir='ltr'><strong>the</strong></span> <span class='ocrx_word' id='word_1_270' title='bbox 1928 3623 2143 3663; x_wconf 83' lang='lat' dir='ltr'><strong>electlon</strong></span> <span class='ocrx_word' id='word_1_271' title='bbox 2178 3624 2232 3662; x_wconf 85' lang='lat' dir='ltr'><strong>ot</strong></span> <span class='ocrx_word' id='word_1_272' title='bbox 2258 3632 2288 3663; x_wconf 83' lang='lat' dir='ltr'><strong>a.</strong></span> <span class='ocrx_word' id='word_1_273' title='bbox 2320 3632 2425 3663; x_wconf 88' lang='lat' dir='ltr'><strong>suc-</strong></span> 
     </span>
     <span class='ocr_line' id='line_1_36' title="bbox 394 3691 2303 3740; baseline -0.004 -3"><span class='ocrx_word' id='word_1_274' title='bbox 394 3694 440 3737; x_wconf 80' lang='grc'><strong>7.</strong></span> <span class='ocrx_word' id='word_1_275' title='bbox 494 3694 657 3737; x_wconf 76' lang='lat' dir='ltr'><strong>trans</strong></span> <span class='ocrx_word' id='word_1_276' title='bbox 675 3693 958 3738; x_wconf 80' lang='lat' dir='ltr'><strong>Hiberum:</strong></span> <span class='ocrx_word' id='word_1_277' title='bbox 978 3692 1138 3732; x_wconf 74' lang='lat' dir='ltr'><strong>refers</strong></span> <span class='ocrx_word' id='word_1_278' title='bbox 1157 3695 1211 3730; x_wconf 79' lang='lat' dir='ltr'><strong>to</strong></span> <span class='ocrx_word' id='word_1_279' title='bbox 1229 3699 1338 3740; x_wconf 87' lang='lat' dir='ltr'><strong>pro-</strong></span> <span class='ocrx_word' id='word_1_280' title='bbox 1430 3701 1598 3732; x_wconf 86' lang='lat' dir='ltr'><strong>eessor</strong></span> <span class='ocrx_word' id='word_1_281' title='bbox 1616 3696 1670 3730; x_wconf 75' lang='lat' dir='ltr'><strong>to</strong></span> <span class='ocrx_word' id='word_1_282' title='bbox 1688 3701 1719 3732; x_wconf 82' lang='lat' dir='ltr'><strong>a</strong></span> <span class='ocrx_word' id='word_1_283' title='bbox 1736 3691 1970 3731; x_wconf 82' lang='lat' dir='ltr'><strong>deceased</strong></span> <span class='ocrx_word' id='word_1_284' title='bbox 1990 3691 2303 3739; x_wconf 75' lang='lat' dir='ltr'><strong>magistrate.</strong></span> 
     </span>
     <span class='ocr_line' id='line_1_37' title="bbox 342 3750 2451 3818; baseline -0.002 -19"><span class='ocrx_word' id='word_1_285' title='bbox 342 3759 510 3800; x_wconf 80' lang='lat' dir='ltr'><strong>vision</strong></span> <span class='ocrx_word' id='word_1_286' title='bbox 539 3761 592 3800; x_wconf 83' lang='lat' dir='ltr'><strong>ot</strong></span> <span class='ocrx_word' id='word_1_287' title='bbox 610 3761 696 3800; x_wconf 77' lang='lat' dir='ltr'><strong>the</strong></span> <span class='ocrx_word' id='word_1_288' title='bbox 724 3765 892 3811; x_wconf 77' lang='lat' dir='ltr'><strong>treaty</strong></span> <span class='ocrx_word' id='word_1_289' title='bbox 917 3758 1041 3799; x_wconf 80' lang='lat' dir='ltr'><strong>with</strong></span> <span class='ocrx_word' id='word_1_290' title='bbox 1061 3759 1335 3805; x_wconf 81' lang='lat' dir='ltr'><strong>Hamilcar,</strong></span> <span class='ocrx_word' id='word_1_291' title='bbox 1483 3759 1561 3802; x_wconf 82' lang='lat'><strong>12.</strong></span> <span class='ocrx_word' id='word_1_292' title='bbox 1616 3756 1677 3801; x_wconf 74' lang='lat' dir='ltr'><strong>in</strong></span> <span class='ocrx_word' id='word_1_293' title='bbox 1707 3756 1947 3803; x_wconf 74' lang='lat' dir='ltr'><strong>actione:</strong></span> <span class='ocrx_word' id='word_1_294' title='bbox 1981 3750 2078 3818; x_wconf 58' lang='grc' dir='ltr'><strong>εἰνὶ</strong></span> <span class='ocrx_word' id='word_1_295' title='bbox 2110 3754 2305 3805; x_wconf 61' lang='lat' dir='ltr'><strong>avendo.</strong></span> <span class='ocrx_word' id='word_1_296' title='bbox 2338 3754 2451 3794; x_wconf 82' lang='lat' dir='ltr'><strong>“in&#39;</strong></span> 
     </span>
    </p>
   </div>
   <div class='ocr_carea' id='block_1_7' title="bbox 341 3823 1725 3876">
    <p class='ocr_par' dir='ltr' id='par_1_7' title="bbox 341 3823 1725 3876">
     <span class='ocr_line' id='line_1_38' title="bbox 341 3823 1725 3876; baseline -0.003 -9"><span class='ocrx_word' id='word_1_297' title='bbox 341 3827 404 3867; x_wconf 76' lang='lat'><strong>21.</strong></span> <span class='ocrx_word' id='word_1_298' title='bbox 433 3827 470 3865; x_wconf 82' lang='lat'><strong>2.</strong></span> <span class='ocrx_word' id='word_1_299' title='bbox 491 3828 528 3866; x_wconf 78' lang='grc'><strong>7.</strong></span> <span class='ocrx_word' id='word_1_300' title='bbox 1430 3823 1725 3876; x_wconf 78' lang='lat' dir='ltr'><strong>speaking.”</strong></span> 
     </span>
    </p>
   </div>
  </div>
 </body>
</html>
