2967 4384
545 240 652 298 142
1469 233 1534 293 ¹1⁸.
1574 235 1740 294 uvi
2306 233 2571 307 [xxxviii.
2600 227 2659 326 ὃς

545 417 802 480 sulibus
852 415 1089 478 habuit
1141 415 1212 476 L.
1265 413 1575 476 Veturius
1610 412 1835 489 Phile,
1888 411 2221 474 centuriae
2230 427 2354 489 que
2408 427 2639 472 omnes

476 521 511 573 7
543 517 798 597 ingenti
835 517 1066 578 favore
1106 515 1178 578 P.
1221 514 1598 594 Scipionem
1636 514 1975 575 consulem
2016 511 2350 587 dixerunt3
2389 511 2639 590 collega

546 615 817 679 additur
850 616 909 677 ei
944 615 1015 677 P.
1053 614 1340 677 Licinius
1374 614 1648 675 Crassus
1685 611 1979 692 pontifex
2012 611 2364 674 maximus
2454 612 2640 673 Cete-

546 731 698 778 rum
737 715 1007 778 comitia
1045 713 1294 776 maiore
1340 731 1543 792 quam
1581 713 1718 774 ulla
1760 730 1874 791 per
1911 712 1981 774 id
2024 711 2270 774 bellum
2309 711 2640 774 celebrata

479 820 516 872 8
547 816 644 878 fre
654 815 922 895 quentia
990 814 1327 893 proditum
1390 812 1748 875 memoriae
1814 817 1938 874 est:
2004 818 2451 874 convenerant
2515 829 2641 872 un-

521 998 527 1004 ·
554 917 751 995 dique
786 933 922 978 non
966 913 1377 994 suffragandi
1417 914 1642 991 modo,
1676 912 1793 976 sed
1826 910 2028 974 etiam
2060 911 2404 990 spectandi
2438 929 2641 974 causa

549 1016 620 1078 P.
668 1015 1012 1096 ScipioniS,
1060 1013 1676 1092 concurrebantque
1722 1018 1786 1074 et
1836 1011 2111 1098 domum
2152 1011 2531 1091 frequentes
2575 1019 2640 1074 et

548 1116 622 1178 in
656 1115 1059 1194 Capitolium
1093 1116 1183 1175 ad
1216 1113 1679 1174 immolantem
1713 1129 1889 1189 eum,
1926 1128 2083 1173 cum
2116 1118 2385 1174 centum
2423 1112 2642 1174 bubus

552 1216 724 1278 votis
786 1216 858 1276 in
919 1215 1247 1294 Hispania
1308 1215 1455 1277 Iovi
1520 1213 1938 1290 sacrificaret,
2008 1214 2642 1293 despondebantque

483 1323 519 1375 9
550 1314 813 1392 animis,
881 1314 1051 1377 sicut
1118 1315 1189 1378 C.
1260 1313 1564 1375 Lutatius
1631 1311 1933 1392 superius
2004 1312 2251 1374 bellum
2316 1314 2645 1376 Punicum

550 1416 823 1494 finisset,
874 1413 970 1476 ita
1018 1414 1111 1493 id,
1168 1414 1348 1493 quod
1397 1413 1694 1490 instaret,
1746 1412 1817 1474 P.
1871 1411 2249 1474 Cornelium
2296 1413 2645 1476 finiturum

447 1527 518 1579 10
551 1522 776 1594 atque,
823 1514 925 1576 uti
971 1514 1299 1594 Hispania
1349 1513 1531 1574 omni
1579 1512 1834 1574 Poenos
1884 1513 2259 1592 expulisset,
2309 1513 2401 1576 sic
2450 1513 2646 1576 Italia

394 1614 399 1618 ’
555 1615 905 1696 pulsurum
955 1632 1118 1693 esse,
1168 1613 1597 1692 Africamque
1650 1612 1730 1690 ei,
1787 1612 2056 1691 perinde
2108 1631 2186 1675 ac
2244 1612 2648 1676 debellatum

553 1715 623 1775 in
657 1714 852 1777 Italia
886 1713 1078 1793 foret,
1118 1713 1532 1793 provinciam
1572 1711 2012 1775 destinabant.

447 1820 521 1870 22
725 1814 1024 1876 XXXIX.
1115 1814 1285 1874 Tum
1312 1814 1388 1874 de
1412 1830 1480 1873 re
1510 1811 1798 1890 publica,
1828 1810 1905 1872 de
1937 1812 2331 1875 exercitibus
2350 1812 2646 1876 scriben-

489 1918 522 1968 1
556 1912 676 1991 dis,
702 1915 778 1976 de
806 1912 1162 1993 provinciis
1184 1912 1489 1974 relatum.
1554 1911 1688 1972 XL.
1716 1911 1884 1971 Cum
1904 1911 2200 1973 Africam
2222 1930 2473 1975 novam
2499 1932 2648 1993 pro-

559 2012 852 2076 vinciam
881 2018 1065 2075 extra
1111 2018 1357 2074 sortem
1378 2012 1449 2074 P.
1475 2009 1767 2090 Scipioni
1796 2009 2108 2072 destinari
2140 2011 2443 2074 homines
2466 2013 2650 2074 fama

558 2114 825 2192 ferrent,
866 2118 930 2174 et
995 2112 1135 2191 ipse
1174 2113 1358 2173 nulla
1393 2111 1532 2172 iam
1570 2109 1835 2172 modica
1872 2110 2081 2190 gloria
2118 2118 2469 2173 contentus
2513 2130 2649 2173 non

559 2214 648 2274 ad
696 2211 1062 2292 gerendum
1109 2213 1311 2273 modo
1364 2210 1633 2289 bellum,
1683 2210 1801 2272 sed
1850 2211 1938 2271 ad
1986 2209 2357 2272 finiendum
2410 2211 2649 2274 diceret

491 2319 525 2368 2
560 2331 627 2374 se
665 2313 1004 2374 consulem
1043 2311 1448 2373 declaratum
1482 2327 1645 2387 esse,
1681 2326 1896 2388 neque
1932 2310 2122 2371 aliter
2153 2310 2225 2372 id
2257 2311 2398 2372 fieri
2437 2329 2647 2391 posse,

567 2429 768 2491 quam
819 2411 874 2473 si
925 2412 1066 2490 ipse
1118 2409 1189 2471 in
1238 2409 1534 2471 Africam
1586 2409 1947 2471 exercitum
1996 2416 2531 2490 transportasset,
2586 2419 2649 2474 et

563 2520 868 2575 acturum
920 2531 990 2574 se
1042 2510 1112 2572 id
1170 2529 1284 2591 per
1339 2511 1663 2589 populum
1717 2517 1942 2588 aperte
1995 2511 2216 2590 ferret,
2273 2512 2327 2573 si
2381 2519 2650 2574 senatus

563 2615 1045 2692 adversaretur,
1075 2611 1252 2673 —id
1299 2610 1650 2673 consilium
1685 2611 2217 2691 haudquaquam
2253 2612 2651 2691 primoribus

567 2721 833 2792 patrum
865 2731 1019 2774 cum
1055 2714 1361 2792 placeret,
1397 2711 1595 2772 ceteri
1632 2728 1746 2789 per
1779 2717 2034 2772 metum
2066 2719 2183 2774 aut
2216 2712 2652 2774 ambitionem

494 2819 530 2870 3
564 2818 957 2890 mussarent‚
1029 2812 1103 2890 Q.
1176 2810 1419 2872 Fabius
1489 2809 1819 2871 Maximus
1888 2817 2157 2890 rogatus
2226 2813 2649 2874 sententiam:

565 2913 731 2974 ‘Scio
823 2911 1046 2973 multis
1115 2917 1411 2972 vestrum
1478 2909 1711 2986 videri,
1783 2917 2000 2989 patres
2067 2911 2443 2991 conscripti,
2510 2930 2652 2973 rem

614 3110 662 3153 6.
715 3109 769 3153 1..
791 3108 1058 3154 Veturius
1092 3107 1272 3152 Philo:
1292 3116 1387 3147 one
1399 3108 1452 3147 01¹
1473 3108 1560 3146 the
1656 3105 1710 3145 P.
1758 3106 1987 3148 Licinius
2040 3108 2267 3156 Crassus,
2322 3119 2379 3150 as
2426 3107 2653 3160 pontifex

562 3177 766 3218 consuls
784 3178 838 3216 01'
863 3177 1055 3216 wenc.
1518 3185 1523 3190 ·
1657 3172 1889 3214 maximus
1924 3183 2029 3216 was
2064 3176 2332 3216 forbidden
2360 3177 2428 3226 by
2460 3176 2562 3217 law
2595 3179 2650 3216 to

615 3244 662 3287 8.
715 3242 956 3287 domum:
977 3253 1041 3283 sc.
1063 3241 1313 3291 Scipionis.
1654 3239 1795 3281 leave
1813 3241 1983 3282 Rome.
2038 3241 2360 3286 finiendum:
2378 3253 2443 3282 sc.
2466 3239 2646 3282 bellum.

615 3309 663 3354 9.
716 3307 1064 3354 ammaus:
1087 3310 1263 3350 consul
1284 3309 1559 3354 0124113.0.‚
1706 3308 1754 3352 2.
1807 3315 1908 3359 ner
1935 3307 2223 3359 populum:
2255 3308 2331 3349 ιο.
2366 3309 2538 3350 before
2565 3311 2650 3350 the

566 3376 679 3416 who
704 3384 819 3416 won
847 3376 934 3416 the
960 3375 1114 3417 naval
1148 3375 1345 3426 victory
1374 3376 1440 3416 ott
1476 3375 1562 3414 the
1656 3373 1850 3414 comicia
1868 3374 2146 3415 centuriata.

571 3444 787 3492 Aegates
803 3441 984 3483 island.
1708 3441 1755 3484 3.
1806 3449 1925 3484 rem
1952 3441 2137 3485 actam
2165 3472 2176 3485 .
2211 3473 2223 3486 .
2255 3473 2268 3486 .
2298 3441 2416 3495 agi:
2449 3453 2479 3483 a.
2499 3451 2646 3494 popu-

618 3509 695 3554 10.
752 3507 1094 3553 debellatum
1119 3507 1285 3553 foret:
1312 3510 1430 3549 “the
1456 3517 1564 3548 war
1658 3508 1735 3548 lar
1756 3509 1987 3558 proverb,
2005 3508 2240 3558 frequent,
2263 3508 2320 3548 in
2346 3511 2575 3559 comedy;
2598 3515 2647 3550 to

571 3575 672 3618 had
691 3577 814 3617 been
832 3575 1097 3616 finished.”
1658 3573 1853 3616 discuss
1895 3583 1927 3616 a
1968 3579 2160 3615 matter
2202 3575 2410 3626 already
2452 3576 2645 3617 settled.

566 3658 804 3703 XXXIX.
819 3657 1307 3702 22.-XL11.Fabius
1320 3659 1565 3711 oppos-es
1660 3641 1762 3682 “To
1796 3641 1898 3690 ¹³⁰3
1932 3650 1963 3682 a
1996 3641 2122 3682 dead
2166 3641 2367 3682 h0r30·”
2402 3642 2507 3682 “TO
2542 3643 2652 3693 3¹³?

633 3718 862 3769 Scipio's
879 3717 1013 3760 Plan
1039 3718 1102 3759 of
1118 3717 1375 3768 Carrying
1401 3717 1498 3759 the
1659 3709 1745 3749 the
1763 3708 1944 3748 Slain·”
1972 3707 2260 3749 sslUStaraoes
2279 3709 2364 3748 the
2380 3707 2546 3759 flqura
2564 3708 2652 3758 ely-

813 3775 942 3818 War
969 3777 1085 3818 into
1113 3775 1310 3819 Africa.
1659 3773 1901 3824 moloqica.

621 3845 665 3885 1.
721 3841 884 3886 extra.
920 3842 1148 3885 sortem:
1178 3842 1257 3880 his
1291 3841 1560 3891 colleague‚
