2967 4384
513 235 586 289 ee
1415 236 1478 292 r.
1513 236 1678 294 Lm
2428 241 2547 311 [xii.
2574 242 2606 297 ι

442 421 477 473 2
512 415 1058 478 conveniendum
1114 407 1414 474 edixerat
1471 412 1668 475 novis
1724 413 2077 493 militibuS,
2137 415 2344 478 venit.
2438 417 2603 478 Inde

509 512 866 576 Praeneste
929 532 1008 576 ac
1053 510 1458 574 transversis
1518 511 1850 575 limitibus
1909 513 1982 574 in
2044 513 2229 576 viam
2289 516 2604 578 Latinam

507 619 608 674 est
655 631 980 693 egressus,
1025 612 1207 673 unde
1254 611 1610 674 itineribus
1654 627 1922 675 summa
1966 629 2123 673 cum
2167 631 2330 676 cura
2374 617 2603 694 explo-

505 712 670 774 ratis
710 714 798 774 ad
838 714 1103 774 hostem
1146 710 1351 787 ducit,
1391 711 1580 771 nullo
1619 712 1791 788 loco,
1832 710 1961 772 nisi
2005 719 2335 789 quantum
2372 731 2603 776 neces-

434 822 471 874 3
505 813 669 876 sitas
713 821 999 894 cogeret,
1043 813 1357 896 fortunae
1400 830 1470 874 se
1516 812 2019 874 commissuruS.
2113 812 2258 892 Quo
2305 815 2601 894 primum

447 941 456 960 ι
510 913 612 974 die
673 914 861 975 haud
923 913 1155 992 procul
1210 910 1410 991 Arpis
1466 911 1539 971 in
1598 917 1961 990 conspectu
2017 911 2317 974 hostium
2376 914 2599 993 posuit

504 1018 747 1091 castra,
780 1014 968 1076 nulla
996 1029 1187 1074 mora
1217 1012 1422 1089 facta,
1459 1011 1622 1088 quin
1650 1013 1913 1074 Poenus
1942 1011 2254 1074 educeret
2282 1013 2354 1073 in
2381 1014 2598 1076 aciem

424 1120 462 1171 4
503 1112 908 1191 copiamque
965 1111 1313 1192 pugnandi
1364 1111 1639 1173 faceret.
1730 1110 1856 1172 Sed
1914 1111 2034 1172 ubi
2091 1111 2316 1190 quieta
2366 1113 2597 1176 omnia

501 1212 687 1290 apud
724 1213 950 1274 hostes
985 1230 1108 1273 nec
1147 1217 1368 1272 castra
1401 1211 1543 1272 ullo
1578 1212 1876 1272 tumultu
1913 1216 2101 1273 mota
2136 1211 2344 1290 videt,
2380 1212 2597 1275 incre-

505 1329 672 1391 pans
721 1311 1018 1390 quidem,
1063 1310 1278 1374 victos
1319 1310 1600 1373 tandem
1641 1309 1919 1373 Martios
1961 1311 2225 1374 animos
2267 1313 2593 1375 Romanis

504 1411 580 1473 de
592 1412 1051 1489 bellatumque
1103 1417 1170 1472 et
1220 1427 1617 1472 concessum
1671 1411 2025 1490 propalam
2080 1412 2158 1473 de
2211 1411 2459 1473 virtute
2512 1431 2592 1475 ac

428 1523 463 1572 5
496 1511 710 1590 gloria
735 1530 901 1589 esse,
927 1511 1000 1571 in
1025 1517 1246 1573 castra
1270 1510 1499 1588 rediit;
1545 1516 1843 1571 ceterum
1866 1510 2074 1572 tacita
2099 1526 2262 1573 cura
2286 1511 2594 1573 animum

493 1610 793 1688 incessit,
849 1611 1029 1689 quod
1075 1626 1233 1671 cum
1270 1610 1435 1670 duce
1492 1609 2034 1687 haudquaquam
2072 1611 2363 1672 Flamini
2407 1611 2592 1672 Sem-

500 1711 827 1789 pronique
880 1709 1083 1773 simili
1135 1709 1367 1771 futura
1419 1709 1550 1770 sibi
1600 1727 1707 1770 res
1758 1716 1929 1771 esset
1981 1728 2060 1771 ac
2112 1716 2262 1771 tum
2319 1712 2591 1773 demum

494 1810 716 1871 edocti
770 1810 968 1871 malis
1021 1809 1314 1872 Romani
1372 1826 1605 1887 parem
1657 1807 2029 1870 Hannibali
2088 1809 2331 1871 ducem
2388 1827 2591 1888 quae-

423 1917 460 1970 6
493 1910 757 1972 sissent.
849 1911 934 1971 Et
1001 1908 1435 1988 prudentiam
1503 1907 1777 1986 quidem
1844 1909 2189 1972 dictatoris
2253 1913 2588 1989 extemplo

490 2010 750 2086 timuit3
797 2009 1250 2072 constantiam
1272 2008 1630 2068 hauddum
1652 2014 1965 2086 expertus
1988 2009 2243 2088 agitare
2268 2028 2347 2072 ac
2370 2016 2591 2090 temp-

492 2116 635 2170 tare
677 2109 984 2170 animum
1024 2107 1366 2170 movendo
1408 2107 1643 2168 crebro
1684 2114 1905 2169 castra
1949 2109 2475 2188 populandoque
2515 2110 2588 2170 in

418 2222 454 2273 7
494 2208 704 2270 oculis
749 2209 892 2271 eius
937 2226 1135 2287 agros
1180 2206 1519 2269 sociorum
1564 2207 1813 2286 coepit;
1860 2213 1924 2269 et
1970 2208 2174 2270 modo
2221 2209 2426 2271 citato
2472 2228 2589 2289 ag-

492 2309 672 2370 mine
706 2327 784 2369 ex
816 2313 1181 2387 conspectu
1212 2307 1472 2384 abibat,
1506 2307 1710 2369 modo
1742 2313 2014 2386 repente
2044 2307 2118 2368 in
2147 2309 2378 2387 aliquo
2410 2310 2586 2371 flexu

493 2407 668 2485 viae,
705 2408 760 2469 si
795 2407 1098 2486 excipere
1139 2406 1526 2486 degressum
1559 2407 1629 2466 in
1664 2421 1963 2484 aequum
1999 2412 2245 2486 posset,
2284 2410 2587 2472 occultus

420 2526 460 2577 8
491 2506 925 2570 subsistebat.
1018 2506 1268 2568 Fabius
1310 2523 1426 2585 per
1462 2507 1613 2568 loca
1651 2507 1789 2568 alta
1826 2524 2071 2586 agmen
2115 2508 2403 2570 ducebat
2442 2527 2586 2570 mo-

496 2608 644 2669 dico
678 2607 766 2670 ab
800 2607 991 2670 hoste
1024 2607 1407 2684 intervallo,
1440 2612 1519 2666 ut
1550 2623 1770 2684 neque
1806 2607 2141 2670 omitteret
2175 2624 2333 2668 eum
2365 2627 2585 2687 neque

492 2707 1029 2786 congrederetur.
1124 2704 1397 2782 Castris,
1448 2705 1579 2767 nisi
1634 2712 1965 2783 quantum
2011 2723 2176 2768 usus
2225 2709 2584 2770 necessarii

491 2815 826 2886 cogerent,
865 2807 1224 2869 tenebatur
1260 2806 1483 2882 miles;
1534 2805 1861 2884 pabulum
1898 2812 1963 2867 et
1999 2806 2184 2886 ligna
2221 2824 2343 2869 nec
2385 2809 2583 2886 pauci

416 2930 454 2982 9
493 2907 813 2986 petebant
835 2925 957 2968 nec
986 2905 1266 2984 passim;
1313 2904 1621 2983 equitum
1643 2904 1946 2983 levisque
1971 2911 2355 2968 armaturae
2380 2907 2582 2969 statio

490 3006 841 3085 conposita
870 3005 1332 3082 instructaque
1362 3003 1434 3064 in
1461 3004 1723 3066 subitos
1750 3006 2084 3067 tumultus
2124 3011 2189 3067 et
2219 3022 2341 3068 suo
2384 3007 2581 3068 militi

486 3111 649 3168 tuta·
697 3105 926 3166 omnia
985 3109 1049 3166 et
1107 3103 1354 3165 infesta
1413 3104 1645 3166 effusis
1703 3104 2003 3166 hostium
2066 3107 2580 3183 populatoribus

537 3322 651 3363 XII.
705 3322 753 3366 2.
814 3319 1161 3374 transversis
1180 3317 1480 3363 limitibus:
1580 3317 1727 3359 tacita
1773 3328 1902 3366 cura,
1947 3320 1969 3371 S
2012 3321 2049 3361 5.
2103 3317 2577 3372 debellatumque:

487 3389 876 3430 “cross-roads.”
931 3389 1036 3428 'Phe
1068 3387 1210 3427 main
1235 3388 1389 3427 roads
1414 3386 1482 3427 all
1583 3387 1702 3426 “the
1718 3395 1826 3426 war
1844 3396 1951 3426 was
1964 3388 2135 3426 over.''

484 3456 562 3496 led
583 3460 636 3495 to
656 3456 827 3495 Rome.
873 3454 1165 3505 quantum:
1184 3456 1272 3494 “as
1285 3453 1365 3494 rar
1377 3453 1483 3493 as.”
1645 3453 1691 3496 ⁶1.
1747 3451 1798 3495 sl
1818 3483 1831 3496 .
1855 3483 1867 3496 .
1892 3483 1903 3495 .
1927 3453 2139 3503 posset:
2171 3453 2391 3504 depends
2439 3464 2577 3505 upon

487 3523 901 3567 commissurus:
984 3529 1065 3561 see
1129 3519 1484 3560 Introduction
1580 3520 1665 3559 the
1692 3518 1805 3560 idea
1833 3520 1889 3559 οι
1913 3521 2236 3570 expectat-,ion
2270 3520 2326 3561 in
2359 3520 2575 3561 substate·

485 3591 621 3630 VIII.
642 3590 665 3628 4
686 3589 758 3637 (c).
1579 3584 1672 3625 bac.

535 3657 583 3701 3.
638 3655 801 3699 nulla
814 3662 969 3698 mora
1002 3651 1301 3703 factaoest)
1344 3650 1481 3704 quin
1628 3653 1675 3696 8.
1731 3652 2013 3703 cogerent:
2055 3653 2298 3694 iterative
2336 3653 2573 3704 subjunc-

483 3755 497 3768 .
526 3754 538 3767 .
571 3754 583 3767 .
614 3721 894 3766 educeret:
922 3719 1067 3759 :eine
1117 3728 1254 3759 mora
1295 3718 1481 3759 Poenus
1578 3717 1694 3758 tive.
1756 3717 1848 3758 See
1882 3719 2235 3760 Introduction
2269 3720 2405 3760 VIII.
2436 3720 2463 3760 4
2489 3721 2569 3769 (a).

482 3788 654 3830 eduxit.
1576 3792 1676 3827 nec
1719 3784 1888 3836 pauci
1907 3816 1920 3829 .
1953 3814 1966 3829 .
1989 3814 2001 3829 .
2024 3793 2124 3829 nec
2179 3784 2413 3837 passim:
2450 3789 2573 3827 “not

533 3857 582 3899 4.
639 3854 958 3905 increpans:
1015 3853 1308 3892 contrasted
1353 3852 1478 3893 with
1576 3850 1630 3890 in
1650 3851 1799 3892 small
1820 3859 1879 3890 or
1906 3851 2155 3891 scattered
2183 3852 2423 3903 groups.”
