2967 4384
349 191 466 245 xix.
495 191 553 258 1]
1187 187 1418 242 LIBER
1450 188 1650 243 xxvl
2336 196 2442 248 121

350 363 616 443 truique
649 377 753 424 res
785 359 1112 442 gerendae
1145 367 1385 439 essent,
1423 359 1914 439 proficiscentis,
2004 359 2181 424 XIX.
2229 360 2446 439 Quam
2477 379 2510 430 1

351 464 470 527 ubi
516 464 605 526 ab
656 479 726 525 re
772 469 964 536 tanto
1012 461 1268 540 impetu
1315 467 1468 523 acta
1519 460 2031 523 sollicitudinem
2081 479 2444 540 curamque
2504 489 2509 498 ·

351 557 703 626 hominum
737 560 1235 638 animadvertit,
1270 560 1604 645 advocata
1638 560 1945 622 contione
1979 559 2074 622 ita
2114 560 2193 622 de
2228 568 2446 624 aetate

350 684 473 728 sua
503 662 918 742 imperioque
950 660 1271 723 mandato
1303 667 1367 722 et
1404 660 1597 738 bello,
1635 660 1811 738 quod
1844 659 2221 738 gerundum
2254 669 2447 740 esset,

353 782 599 844 magno
643 763 951 841 elatoque
993 761 1219 824 animo
1268 759 1594 837 disseruit,
1638 767 1711 822 ut
1755 759 2065 822 ardorem
2109 777 2287 839 eum,
2336 763 2449 842 qui
2482 775 2517 826 2

353 885 494 930 rese
502 866 708 943 derat,
760 862 1070 926 excitaret
1121 878 1348 922 rursus
1397 867 1809 938 novaretque
1860 866 1925 922 et
1976 859 2279 939 impleret
2330 864 2449 926 ho—

354 969 568 1029 mines
637 962 929 1028 certioris
999 960 1161 1040 spei,
1237 978 1440 1040 quam
1514 967 1837 1039 quantam
1907 959 2071 1022 fides
2146 964 2450 1041 promissi

355 1065 635 1130 humani
671 1072 788 1128 aut
824 1063 994 1127 ratio
1031 1079 1112 1124 ex
1147 1059 1392 1122 fiducia
1429 1077 1651 1122 rerum
1688 1059 1985 1122 subicere
2024 1061 2210 1127 solet.
2301 1066 2449 1129 Fuit
2484 1075 2519 1126 3

356 1168 536 1232 enim
581 1165 798 1245 Scipio
839 1181 976 1226 non
1020 1162 1191 1224 veris
1231 1168 1499 1224 tantum
1544 1159 1903 1223 virtutibus
1947 1161 2303 1244 mirabiIiS‚
2333 1165 2451 1228 sed

355 1278 497 1333 arte
531 1285 795 1349 quoque
829 1265 1123 1346 quadam
1151 1263 1238 1325 ab
1268 1262 1546 1323 iuventa
1573 1259 1645 1320 in
1676 1260 2189 1324 ostentationem
2219 1282 2451 1328 earum

360 1368 788 1449 compositus,
852 1366 1164 1445 pleraque
1221 1362 1406 1441 apud
1463 1357 1964 1423 multitudinem
2023 1370 2141 1426 aut
2200 1372 2275 1428 ut
2339 1384 2451 1445 per
2482 1377 2521 1428 4

357 1477 720 1532 nocturnas
751 1465 924 1530 visas
949 1463 1200 1546 species
1224 1470 1342 1526 aut
1370 1462 1550 1525 velut
1590 1461 1906 1526 divinitus
1939 1472 2162 1527 mente
2195 1466 2451 1530 monita

359 1588 585 1651 agenS,
637 1568 777 1631 sive
826 1575 889 1630 et
939 1565 1081 1647 ipse
1131 1562 1311 1645 capti
1366 1562 1660 1643 quadam
1708 1563 2172 1642 superstitione
2221 1566 2451 1647 animi,

357 1669 501 1733 sive
554 1676 630 1732 ut
683 1665 962 1746 imperia
1017 1664 1423 1742 consiliaque
1480 1663 1661 1725 velut
1716 1671 1892 1726 sorte
1948 1666 2197 1727 oraculi
2250 1666 2453 1729 missa

357 1772 499 1834 sine
569 1767 989 1832 cunctatione
1074 1770 1609 1845 exsequerentur.
1714 1763 1819 1825 Ad
1890 1763 2019 1827 hoc
2088 1765 2227 1828 iam
2295 1767 2454 1830 inde
2488 1779 2522 1830 5

359 1871 450 1935 ab
509 1869 698 1932 initio
763 1883 1165 1948 praeparans
1224 1862 1508 1942 animos,
1570 1881 1651 1925 ex
1715 1880 1846 1942 quo
1907 1872 2135 1945 togam
2198 1866 2455 1930 virilem

360 1969 667 2050 sumpsit,
716 1967 900 2030 nullo
954 1965 1056 2029 die
1109 1964 1287 2046 prius
1336 1963 1546 2026 ullam
1598 1963 1935 2042 publicam
1987 1965 2454 2049 privatamque

361 2089 503 2134 rem
543 2068 698 2149 egit,
747 2084 949 2149 quam
989 2065 1060 2126 in
1103 2063 1505 2143 Capitolium
1545 2063 1666 2126 iret
1710 2064 2179 2146 ingressusque
2221 2067 2458 2130 aedem

363 2170 731 2235 consideret
788 2175 854 2231 et
916 2166 1304 2247 plerumque
1363 2164 1542 2225 solus
1599 2163 1671 2224 in
1728 2173 1980 2229 secreto
2038 2166 2133 2228 ibi
2191 2175 2462 2247 tempus

361 2277 620 2336 tereret.
710 2267 836 2331 Hic
887 2284 1055 2345 mos,
1114 2282 1312 2345 quem
1367 2280 1480 2342 per
1535 2281 1803 2326 omnem
1857 2265 2068 2328 vitam
2120 2269 2460 2347 servabat,
2490 2290 2526 2341 6
2628 2330 2631 2339 ,

362 2389 481 2434 seu
526 2369 827 2433 consulto
871 2384 990 2430 seu
1032 2373 1279 2429 temere
1327 2363 1638 2441 vulgatae
1685 2363 1982 2442 opinioni
2027 2365 2230 2429 fidem
2275 2367 2462 2447 apud

369 2471 696 2552 quosdam
731 2467 888 2531 fecit
928 2465 1150 2546 stirpis
1189 2481 1345 2527 eum
1388 2462 1655 2526 divinae
1698 2463 1917 2525 virum
1955 2483 2117 2529 esse.

417 2654 498 2698 11.
551 2647 980 2703 proficiscentis:
1009 2657 1077 2690 se.
1106 2642 1363 2695 Scipionis.
1460 2643 1659 2693 subject
1677 2642 1723 2685 is
1750 2643 1958 2697 implied
1976 2644 2032 2687 in
2067 2646 2197 2698 apud
2222 2645 2468 2690 multitudi

367 2721 426 2765 in
443 2728 542 2766 eae
558 2716 903 2771 provincias:
927 2715 1056 2766 Livy
1070 2714 1117 2755 is
1130 2712 1369 2762 thinking
1460 2720 1578 2750 nem.

367 2790 421 2829 of
451 2789 539 2828 the
566 2786 699 2828 later
723 2783 946 2826 division
973 2783 1027 2823 oi
1062 2780 1224 2833 Spain
1257 2779 1369 2820 into
1516 2778 1561 2821 5.
1616 2785 1685 2822 ex
1720 2786 1850 2829 quo:
1888 2789 1954 2821 sc.
2001 2779 2219 2830 tempore.
2272 2782 2463 2834 togam

367 2857 510 2897 three
526 2853 804 2905 provinces.
1463 2841 1711 2888 virilem:
1732 2845 1817 2885 the
1836 2845 1979 2896 plain
1989 2846 2142 2887 white
2160 2852 2395 2897 garment
2410 2850 2465 2889 ot

419 2921 555 2962 XIX.
609 2921 658 2964 2.
712 2916 854 2969 spei:
883 2915 1109 2968 genitive
1133 2913 1260 2955 with
1287 2911 1371 2952 im·
1465 2911 1739 2958 manhood.
1780 2911 1948 2953 which
1991 2921 2096 2954 was
2142 2914 2345 2965 usually
2386 2924 2464 2956 as.

365 2986 516 3039 piaret
543 2988 676 3028 aiter
707 2987 793 3027 the
811 2984 1030 3034 analogy
1047 2984 1102 3023 ot
1120 2982 1205 3022 the
1223 2978 1373 3021 usual
1465 2979 1643 3018 sumed
1691 2981 1749 3019 at
1790 2980 1877 3019 the
1928 2988 2022 3028 age
2074 2980 2129 3020 oi
2179 2987 2461 3023 seventeen,

369 3053 720 3096 construction
762 3051 888 3092 with
928 3047 1110 3100 plenus.
1191 3053 1370 3098 quan·
1465 3043 1677 3088 aedem:
1740 3044 1815 3086 i.e.
1872 3046 1926 3086 oi
1976 3045 2181 3097 Jupiter
2230 3047 2465 3098 Optimus

372 3122 512 3166 tam:
540 3130 607 3161 sc.
628 3127 769 3168 spem.
815 3116 956 3160 omit
971 3115 1027 3156 in
1046 3113 1368 3156 translation.
1466 3110 1734 3151 Maximus.

426 3189 473 3231 3.
527 3183 894 3236 compositus:
921 3181 1110 3222 middle
1126 3180 1279 3220 voice.
1518 3178 1565 3220 e.
1620 3176 1877 3222 consulto
1914 3209 1927 3223 .
1968 3209 1982 3224 .
2021 3210 2035 3225 .
2071 3181 2301 3226 temere:
2351 3191 2465 3222 con-

423 3256 472 3298 4.
527 3250 684 3302 capti
711 3281 724 3294 .
755 3280 767 3294 .
800 3281 812 3293 .
834 3247 1029 3294 animi:
1065 3246 1288 3298 genitive
1320 3245 1376 3285 of
1467 3243 1685 3291 trasted;
1718 3245 1975 3286 “whether
2002 3246 2046 3287 it
2070 3256 2176 3289 was
2201 3249 2266 3299 by
2285 3249 2371 3289 tho
2387 3248 2465 3289 do-

375 3318 698 3372 deecription.
770 3314 1232 3367 exsequerentur:
1288 3313 1375 3353 the
1468 3310 1585 3362 sign
1602 3309 1656 3350 oi
1673 3307 1844 3363 Scipio
1860 3321 1921 3353 or
1937 3313 2077 3355 now·
