2967 4384
527 201 600 262 80
1436 196 1500 255 Τ.
1534 195 1698 256 m
2394 195 2551 268 [xliv.
2578 193 2615 251 Β

455 393 490 446 5
520 377 700 440 tione
757 375 986 439 hostis.
1074 374 1241 435 Inde
1293 389 1522 436 rursus
1576 369 1912 433 sollicitari
1966 365 2287 433 seditione
2344 367 2613 433 militari

520 496 599 539 ac
669 475 994 537 discordia
1053 475 1404 536 consulum
1467 473 1775 533 Romana
1840 478 2081 549 castra,
2147 489 2301 533 cum
2364 472 2611 534 Paulus

525 576 1024 656 Semproniique
1083 583 1147 638 et
1205 573 1490 636 Flamini
1546 573 1988 636 temeritatem
2043 573 2346 652 Varroni,
2402 575 2611 637 Varro

521 678 727 741 Paulo
760 676 1134 756 speciosum
1168 674 1420 738 timidis
1454 692 1535 735 ac
1567 673 1881 752 segnibus
1919 673 2197 737 ducibus
2232 676 2611 754 exemplum

453 778 491 830 6
521 777 612 839 Fa
623 776 814 839 bium
871 776 1173 854 obiceret,
1229 780 1715 853 testareturque
1777 774 1931 836 deos
1987 773 2423 854 hominesque
2478 775 2610 854 hic,

519 877 775 938 nullam
813 893 1012 956 penes
1047 893 1116 937 se
1154 874 1424 953 culpam
1459 892 1622 952 esse,
1664 874 1843 953 quod
1880 873 2216 936 Hannibal
2251 873 2389 936 iam
2428 875 2611 938 velut

519 995 646 1040 usu
698 977 977 1055 cepisset
1029 975 1320 1038 Italiam:
1366 993 1437 1036 se
1492 973 1923 1037 constrictum
1974 994 2015 1036 a
2071 975 2319 1054 collega
2372 977 2610 1055 teneri;

514 1077 768 1138 ferrum
805 1083 1009 1157 atque
1049 1093 1238 1137 arma
1275 1075 1461 1137 iratis
1500 1081 1567 1137 et
1610 1093 1901 1154 pugnare
1942 1076 2361 1155 cupientibus
2399 1077 2611 1139 adimi

453 1179 487 1232 ’1
518 1177 870 1256 militibus;
915 1177 1044 1255 ille,
1097 1175 1154 1237 si
1210 1174 1369 1254 quid
1425 1175 1729 1254 proiectis
1780 1193 1860 1238 ac
1916 1177 2189 1254 proditis
2240 1178 2330 1240 ad
2379 1178 2609 1241 incon-

515 1276 762 1340 sultam
796 1284 999 1356 atque
1036 1275 1464 1354 inprovidam
1506 1293 1798 1354 pugnam
1834 1275 2205 1354 legionibus
2257 1277 2607 1356 accideret,

515 1394 584 1440 se
642 1378 856 1441 omnis
914 1379 1146 1456 culpae
1203 1384 1551 1454 exsortem,
1611 1377 1825 1438 omnis
1880 1384 2159 1439 eventus
2220 1379 2607 1457 participem

512 1478 655 1541 fore
721 1478 986 1540 diceret:
1054 1477 1328 1555 videret,
1393 1483 1489 1555 ut,
1560 1476 1804 1555 quibus
1865 1476 2091 1555 lingua
2157 1487 2467 1559 prompta
2523 1497 2604 1540 ac

515 1579 887 1656 temeraria,
913 1595 1126 1657 aeque
1151 1577 1223 1638 in
1254 1595 1474 1655 pugna
1507 1576 1801 1654 vigerent
1825 1595 2087 1639 manus,

448 1689 482 1739 1
684 1678 876 1741 XLV.
923 1679 1102 1739 Dum
1165 1675 1707 1738 altercationibus
1771 1676 1982 1755 magis
2051 1695 2255 1756 quam
2318 1679 2606 1741 consiliis

513 1785 777 1856 tempus
847 1776 1100 1854 teritur,
1172 1775 1514 1838 Hannibal
1566 1793 1646 1836 ex
1697 1775 1860 1854 acie,
1919 1794 2123 1855 quam
2174 1777 2264 1840 ad
2316 1780 2605 1840 multum

520 1877 645 1939 diei
677 1883 982 1938 tenuerat
1011 1876 1431 1952 instructam,
1467 1893 1623 1935 cum
1653 1875 1724 1934 in
1756 1882 1971 1938 castra
2006 1882 2255 1938 ceteras
2287 1878 2607 1957 reciperet

446 1990 484 2041 2
516 1977 762 2056 copiaS,
819 1976 1142 2038 Numidas
1197 1975 1286 2036 ad
1340 1975 1759 2037 invadendos
1814 1993 1893 2036 ex
1948 1977 2317 2040 minoribus
2374 1979 2604 2041 castris

447 2086 483 2138 3
515 2077 974 2138 Romanorum
1014 2082 1370 2154 aquatores
1411 2080 1597 2136 trans
1640 2074 1890 2136 flumen
1930 2075 2155 2139 mittit.
2245 2077 2462 2155 Quam
2501 2078 2603 2139 in-

516 2175 855 2238 conditam
888 2174 1157 2238 turbam
1191 2192 1345 2236 cum
1382 2173 1659 2235 vixdum
1690 2173 1761 2234 in
1792 2173 2009 2252 ripam
2042 2175 2281 2253 egressi
2317 2176 2602 2240 clamore

513 2294 592 2338 ac
645 2276 939 2339 tumultu
986 2276 1351 2354 fugassent,
1403 2274 1475 2334 in
1526 2273 1881 2340 stationem
1937 2293 2199 2354 quoque
2255 2294 2372 2355 pro
2426 2277 2603 2340 vallo

446 2389 483 2440 4
511 2377 802 2439 locatam
825 2382 1027 2454 atque
1052 2375 1124 2435 in
1146 2374 1326 2453 ipsas
1354 2391 1560 2453 prope
1588 2379 1811 2452 portas
1836 2375 2048 2436 evecti
2072 2382 2247 2439 sunt.
2337 2376 2417 2437 Id
2445 2395 2603 2440 vero

512 2477 680 2539 adeo
708 2476 1063 2554 indignum
1095 2475 1335 2553 visum,
1364 2475 1454 2536 ab
1483 2474 1923 2536 tumultuario
1952 2475 2198 2537 auxilio
2228 2476 2365 2537 iam
2396 2478 2600 2541 etiam

513 2584 726 2640 castra
769 2577 1078 2638 Romana
1120 2574 1374 2651 terreri,
1416 2580 1494 2636 ut
1533 2591 1612 2636 ea
1653 2574 1856 2636 modo
1898 2593 2033 2637 una
2077 2594 2302 2655 causa,
2367 2596 2451 2640 ne
2493 2597 2601 2640 ex-

510 2678 759 2756 templo
794 2676 1153 2739 transirent
1205 2676 1457 2737 flumen
1514 2674 2008 2755 derigerentque
2045 2677 2279 2756 aciem,
2318 2679 2603 2742 tenuerit

511 2777 872 2854 RomanOS,
928 2775 1106 2855 quod
1156 2793 1421 2837 summa
1470 2775 1731 2854 imperii
1780 2794 1858 2838 eo
1913 2777 2015 2838 die
2069 2797 2267 2856 penes
2318 2779 2601 2842 Paulum

445 2891 479 2942 5
509 2877 658 2939 fuit.
747 2877 983 2956 Itaque
1025 2881 1284 2955 postero
1325 2875 1427 2936 die
1462 2877 1693 2954 Varro,
1732 2876 1838 2938 cui
1873 2896 2013 2940 sors
2050 2879 2191 2941 eius
2231 2879 2356 2942 diei
2392 2880 2600 2959 impe—

510 2977 589 3037 rii
623 2984 785 3054 erat,
820 2977 986 3037 nihil
1020 2977 1322 3038 consulto
1357 2976 1606 3054 collega
1641 2977 1906 3055 signum
1944 2981 2285 3058 proposuit
2317 2980 2599 3068 instruc-

509 3085 743 3155 tasque
805 3077 1030 3155 copias
1089 3077 1340 3137 flumen
1397 3081 1500 3137 tra
1510 3076 1714 3154 duxit,
1774 3085 2090 3156 sequente
2149 3081 2378 3158 Pau10,
2443 3081 2598 3160 quia

510 3177 721 3254 magis
742 3194 879 3237 non
907 3176 1185 3254 probare
1213 3194 1416 3255 quam
1439 3194 1576 3237 non
1598 3177 1919 3240 adiuvare
1943 3179 2293 3241 consilium
2318 3187 2594 3259 poterat.

561 3342 607 3385 ⁶.
662 3339 776 3384 hic:
821 3339 898 3382 i.e.
919 3340 1097 3381 Varro.
1151 3348 1278 3385 usu:
1316 3350 1347 3382 a
1373 3341 1508 3390 legal
1604 3350 1671 3382 an
1704 3341 2007 3400 imperative
2041 3344 2095 3384 ot
2128 3342 2290 3385 direct,
2323 3344 2592 3388 discourse.

509 3407 814 3460 expression.
868 3406 1233 3458 Prescriptlon.
1271 3417 1330 3448 or
1363 3407 1510 3448 unin-
1652 3409 1806 3450 XLV.
1860 3411 1905 3454 1.
1960 3409 2034 3454 ad
2060 3411 2301 3455 multum
2319 3410 2454 3456 dier:
2478 3415 2595 3455 “un-

511 3475 770 3525 terrupted
798 3474 1087 3524 possession
1113 3475 1195 3514 tor
1216 3478 1317 3515 two
1342 3483 1505 3525 years,
1604 3474 1666 3516 tn
1683 3476 1785 3517 late
1803 3476 1857 3516 in
1876 3478 1963 3517 the
1980 3478 2129 3528 day.”

509 3552 637 3592 gave
687 3551 719 3582 a
769 3540 884 3582 title
934 3541 990 3580 in
1039 3549 1154 3582 case
1214 3541 1267 3580 ot
1317 3541 1507 3581 Italian
1650 3543 1699 3586 4.
1754 3551 1868 3587 una
1888 3552 2081 3588 causa:
2101 3544 2176 3585 i.e.
2198 3544 2363 3594 quod.
2392 3574 2406 3598 ,
2439 3543 2590 3595 ‚suia

509 3610 641 3650 land.
1655 3610 1698 3652 δ.
1752 3608 1922 3654 nuru:
1993 3611 2252 3652 adverbial
2306 3613 2595 3654 accusative

559 3676 606 3720 ’1.
660 3673 785 3719 1110:
803 3673 880 3715 i.e.
895 3673 1102 3715 Paulus.
1157 3673 1508 3725 eulpaezgen·
1602 3684 1742 3715 more
1760 3677 2013 3726 emphatlc
2031 3679 2157 3718 than
2174 3687 2282 3717 non.
2336 3687 2447 3722 non
2464 3687 2591 3730 pro.

507 3741 634 3782 itive
683 3741 808 3782 with
849 3750 1028 3788 excors,
1061 3742 1316 3782 “without
1357 3742 1508 3782 share
1599 3742 1734 3786 bare
1767 3773 1775 3786 .
1808 3773 1820 3786 .
1854 3774 1865 3787 .
1896 3742 2186 3789 adiuvare:
2219 3746 2489 3787 “withhold
2510 3755 2593 3798 ap·

507 3808 610 3849 mg·
666 3806 900 3851 yma-033
923 3817 989 3848 30,
1011 3807 1199 3856 van-03
1218 3811 1507 3859 represents
1602 3805 1779 3853 proval
1808 3807 1982 3848 rather
2009 3809 2134 3848 than
2161 3808 2487 3853 assistance.”
