2967 4384
376 169 473 227 xii.
499 170 558 240 2]
1163 173 1394 230 mm
1428 173 1691 229 xxvm
2108 156 2115 161 ’
2372 176 2479 230 143

379 350 603 407 actam
631 345 955 408 hodierno
993 346 1094 409 die
1128 347 1258 426 agi,
1292 353 1356 408 et
1387 329 1634 410 frustra
1665 348 2056 410 habiturum
2087 348 2478 427 orationem,

387 446 498 525 qui
551 453 880 525 tanquam
940 447 1018 508 de
1074 447 1332 526 integra
1385 466 1454 508 re
1518 448 1595 511 de
1650 448 1875 510 Africa
1935 447 2277 533 provincia
2332 466 2478 511 sen-

379 547 660 610 tentiam
737 545 992 609 dixerit.
1097 549 1238 626 Ego
1313 553 1541 610 autem
1619 548 1910 627 primum
1982 548 2149 610 illud
2223 547 2477 626 ignore,
2511 558 2549 608 4

385 665 584 727 quem
631 647 723 709 ad
772 647 1052 708 modum
1103 653 1281 708 certa
1330 645 1470 708 iam
1523 647 1865 726 provincia
1914 647 2139 708 Africa
2190 647 2479 709 consulis

377 747 501 811 viri
548 744 738 808 fortis
784 764 862 809 ac
910 746 1162 808 strenui
1208 745 1314 825 sit,
1368 764 1573 825 quam
1618 763 1740 808 nec
1788 754 2058 809 senatus
2106 747 2360 809 censuit
2407 747 2478 807 in

378 849 556 910 hunc
580 863 836 909 annum
862 846 1276 926 provinciam
1297 865 1436 908 esse
1459 865 1581 908 nec
1611 849 1895 927 populus
1917 845 2127 910 iussit.
2198 845 2475 924 Deinde,
2509 859 2545 912 5

378 933 442 1011 six
483 953 602 1027 est,
654 947 995 1009 consulem
1046 965 1316 1025 peccare
1365 946 1672 1025 arbitror,
1729 947 1841 1026 qui
1895 949 1971 1009 de
2020 965 2091 1009 re
2137 953 2476 1009 transacta

379 1047 757 1110 simulando
831 1065 901 1108 se
976 1046 1214 1109 referre
1291 1053 1600 1109 senatum
1672 1046 1961 1109 ludibrio
2037 1047 2263 1125 habet,
2338 1065 2476 1109 non

378 1154 773 1226 senatorem,
820 1146 932 1226 qui
975 1145 1051 1208 de
1098 1165 1228 1226 quo
1267 1146 1632 1209 consulitur
1671 1165 1792 1209 suo
1829 1149 1976 1209 loco
2019 1147 2174 1210 dicit
2213 1154 2475 1209 senten·
2522 1147 2536 1156 ²

376 1248 562 1311 tiam.
650 1248 869 1326 Atque
927 1265 1048 1327 ego
1105 1253 1361 1309 certum
1415 1246 1635 1309 habeo
1668 1241 2108 1309 ⁴dissentienti
2163 1247 2328 1310 mihi
2384 1247 2472 1308 ab
2506 1249 2542 1301 6

376 1349 504 1410 ista
558 1347 980 1410 festinatione
1035 1347 1106 1408 in
1158 1346 1454 1408 Africam
1508 1346 1854 1409 traiciendi
1914 1346 2198 1410 duarum
2250 1364 2474 1408 rerum

376 1448 800 1510 subeundam
841 1447 1223 1527 opinionem
1264 1466 1430 1510 esse:
1474 1446 1695 1525 uniuS,
1737 1446 1973 1510 insitae
2014 1446 2280 1527 ingenio
2322 1464 2471 1508 meo
2507 1452 2542 1504 ‘1

376 1547 838 1625 cunctationiS,
892 1565 1093 1627 quam
1140 1554 1394 1609 metum
1444 1547 1910 1627 pigritiamque
1955 1548 2259 1610 homines
2306 1548 2472 1608 adu-

374 1651 692 1710 lescentes
741 1665 901 1710 sane
949 1649 1307 1726 appellent,
1364 1646 1526 1708 dum
1572 1665 1679 1710 me
1728 1665 1812 1709 ne
1867 1647 2199 1727 paeniteat
2248 1648 2469 1709 adhuc

374 1748 660 1810 aliorum
695 1745 1092 1825 speciosiora
1132 1747 1344 1825 primo
1381 1753 1657 1826 aspectu
1694 1746 1968 1809 consilia
2002 1764 2264 1826 semper
2301 1747 2468 1824 visa,

374 1866 525 1909 mea
561 1865 690 1908 usu
728 1846 1029 1924 meliora;
1065 1847 1357 1924 alterius,
1397 1847 1896 1908 obtrectationis
1934 1853 2135 1926 atque
2174 1847 2467 1909 invidiae
2502 1855 2539 1907 8

375 1949 696 2010 adversus
735 1952 1136 2008 crescentem
1171 1946 1241 2006 in
1284 1946 1420 2008 dies
1457 1947 1739 2026 gloriam
1774 1946 2118 2009 fortissimi
2158 1947 2467 2009 consulis·

371 2048 429 2109 A
479 2064 610 2126 qua
653 2046 1025 2124 suspicione
1070 2045 1125 2106 si
1169 2063 1277 2106 me
1321 2062 1538 2125 neque
1585 2046 1726 2108 vita
1770 2053 1921 2108 acta
1966 2052 2030 2108 et
2075 2063 2292 2108 mores
2337 2047 2470 2109 mei
2503 2054 2539 2106 9

372 2165 455 2208 ne
464 2165 589 2225 que
643 2147 969 2209 dictatura
1018 2163 1173 2207 cum
1225 2145 1519 2224 quinque
1568 2146 2023 2208 consulatibus
2069 2153 2469 2226 tantumque

372 2246 619 2325 gloriae
667 2246 818 2308 belli
867 2245 1176 2324 domique
1226 2250 1451 2323 partae
1499 2244 1817 2324 vindicat,
1863 2251 1937 2308 ut
2007 2246 2275 2325 propius
2336 2246 2471 2308 fas-

371 2347 616 2407 tidium
654 2346 794 2409 eius
834 2346 963 2407 sim
1006 2361 1208 2424 quam
1252 2343 1671 2422 desiderium,
1714 2351 1896 2408 aetas
1936 2348 2175 2408 saltem
2212 2345 2464 2409 liberet.

374 2448 556 2526 Quae
601 2447 780 2508 enim
822 2446 986 2507 mihi
1030 2444 1387 2507 aemulatio
1433 2461 1591 2505 cum
1633 2462 1710 2507 eo
1754 2464 1894 2507 esse
1943 2452 2179 2526 potest,
2229 2448 2340 2526 qui
2383 2464 2467 2509 ne

373 2546 510 2608 filio
551 2545 822 2625 quidem
855 2563 1004 2608 meo
1041 2543 1338 2624 aequalis
1374 2543 1496 2605 sit?

486 2646 923 2709 XL1.111ud
945 2651 1009 2736 te
1033 2643 1198 2704 mihi
1219 2643 1669 2723 ignoscere‚P.
1697 2605 1979 2722 Corneli,
2003 2663 2298 2725 aequum
2321 2646 2464 2724 erit,
2500 2655 2533 2705 1

373 2745 451 2824 si,
505 2763 661 2808 cum
691 2745 770 2806 in
806 2763 914 2807 me
965 2745 1111 2825 ipso
1157 2760 1533 2822 numquam
1572 2743 1775 2822 pluris
1810 2745 2067 2808 famam
2117 2746 2468 2807 hominum

379 2864 583 2925 quam
620 2863 763 2908 rem
807 2845 1145 2924 publicam
1184 2842 1477 2920 fecerim,
1520 2860 1603 2905 ne
1644 2851 1834 2907 tuam
1879 2844 2149 2925 quidem
2188 2846 2467 2924 gloriam

377 2945 552 3006 bono
613 2945 877 3025 publico
939 2960 1374 3024 praeponam3
1437 2960 1871 3022 quamquam,
1928 2945 1986 3006 si
2042 2951 2160 3007 aut
2221 2945 2468 3006 bellum

373 3047 634 3107 nullum
675 3045 747 3107 in
789 3045 984 3107 Italia
1027 3051 1144 3106 aut
1187 3045 1243 3105 is
1287 3043 1496 3104 hostis
1541 3052 1731 3122 esset,
1777 3063 1856 3106 ex
1905 3063 2035 3124 quo
2080 3045 2257 3107 victo
2301 3045 2466 3106 nihil
2502 3053 2537 3104 2

373 3144 618 3224 gloriae
653 3151 1095 3225 quaereretur,
1130 3144 1241 3223 qui
1269 3150 1332 3205 te
1361 3143 1432 3203 in
1458 3143 1654 3206 Italia
1682 3145 2010 3222 retineret,
2041 3145 2162 3206 etsi
2188 3145 2258 3206 id
2292 3145 2465 3206 bono

427 3326 470 3369 δ.
525 3325 862 3371 senatorem:
909 3336 974 3367 sc.
1009 3333 1214 3374 peccare.
1271 3331 1370 3368 suo
1516 3322 1647 3366 XLI.
1704 3326 1749 3370 1.
1804 3324 2010 3376 pluris:
2047 3325 2272 3376 genitive
2306 3326 2361 3366 ot
2393 3325 2465 3368 in-

375 3391 516 3437 1000:
538 3395 627 3434 “at
643 3395 730 3434 the
746 3402 932 3445 proper
949 3392 1086 3434 time.
1097 3393 1125 3412 '‘
1465 3391 1672 3433 definite
1690 3394 1851 3433 value.

423 3460 470 3504 ⁹1.
525 3458 694 3504 unius
758 3459 912 3510 (rent
965 3459 1020 3499 in
1082 3457 1372 3510 appositlon
1517 3461 1563 3502 2.
1619 3459 1741 3510 qu1:
1778 3458 1866 3498 :ei
1890 3458 2009 3509 quia.
2065 3458 2148 3503 11⁸0
2186 3458 2462 3508 ereptum:

374 3525 501 3567 with
533 3526 739 3566 duarum
763 3535 925 3566 rerum
941 3526 1017 3576 (6),
1039 3537 1096 3567 as
1114 3527 1159 3567 is
1178 3527 1286 3567 also
1305 3523 1370 3564 al·
1465 3536 1497 3566 a
1531 3527 1704 3566 future
1747 3526 1913 3567 active
1946 3526 2200 3567 infinit-ive
2246 3525 2261 3573 (
2290 3533 2463 3573 :erep-

379 3591 527 3634 teriue
549 3593 633 3645 (8).
674 3594 921 3646 ingenio:
947 3591 1082 3634 0222.
1109 3594 1146 3633 3.
1165 3593 1202 3632 4.
1238 3599 1367 3635 usu:
1464 3592 1603 3632 turus
1622 3593 1739 3643 esee)
1762 3593 2044 3643 analogous
2072 3597 2126 3632 to
2156 3593 2241 3632 the
2265 3591 2465 3642 passive

376 3660 597 3701 ablativo
613 3662 668 3701 ot
685 3661 1052 3714 specificatiom
1085 3660 1172 3700 “in
1200 3658 1370 3699 actual
1463 3661 1671 3708 ereptum
1704 3659 1797 3710 iri,·
1838 3661 1901 3700 ct.
1938 3659 2009 3700 ire
2036 3657 2405 3707 oppuqnatum,s
2422 3657 2461 3697 9.

374 3729 716 3780 experience.”
1463 3726 1675 3777 posset:
1707 3726 1777 3766 its
1798 3725 2053 3774 subjectis
2070 3725 2155 3765 the
2167 3723 2465 3766 antecedent

426 3796 472 3842 9.
528 3794 782 3850 propius:
803 3804 884 3836 see
901 3795 965 3835 21.
988 3796 1021 3835 1.
1043 3795 1080 3835 2.
1464 3794 1519 3834 or
1536 3793 1616 3844 qui
1642 3821 1653 3833 .
1686 3821 1697 3833 .
1727 3821 1737 3833 .
1766 3791 2000 3834 retineret.
