2967 4384
359 253 439 308 11.
463 253 520 322 ε]
1182 245 1413 303 mna
1443 244 1642 302 xxvr
1858 307 1866 316 ,
2347 242 2454 298 113

361 431 553 488 esset.
642 424 824 485 Inter
873 418 1039 483 haec
1090 417 1432 481 Hannibal
1481 418 1570 479 ad
1621 417 1944 479 Anienem
1995 414 2278 477 fluvium
2328 413 2454 477 tria

361 524 546 586 milia
602 540 922 602 passuum
972 521 1062 584 ab
1114 520 1280 582 urbe
1334 526 1551 581 castra
1603 517 1929 580 admovit.
2036 516 2141 577 Ibi
2194 515 2453 578 stativis
2486 526 2523 578 3

365 623 593 706 positis
645 623 788 704 ipse
843 639 997 685 cum
1055 621 1314 683 duobus
1368 619 1639 681 milibus
1692 617 1996 697 equitum
2046 617 2135 680 ad
2195 626 2454 697 portam

362 724 690 787 Collinam
748 740 960 803 usque
1019 721 1107 783 ad
1169 719 1470 782 Herculis
1530 718 1857 797 templum
1916 725 2013 780 est
2077 716 2455 797 pro'gressus

360 833 585 906 atque,
640 823 821 886 unde
879 821 1174 902 proxime
1232 827 1510 899 poterat,
1566 819 1831 881 moenia
1885 818 2218 900 situmque
2271 820 2455 882 urbis

362 926 759 1007 obequitans
792 922 1392 1002 contemplabatur.
1481 921 1561 982 Id
1594 938 1750 982 eum
1780 928 1922 983 tam
1952 920 2223 984 licenter
2253 928 2454 1000 atque

361 1026 566 1089 otiose
599 1027 818 1089 facere
852 1024 1088 1086 Flacco
1122 1022 1473 1101 indignum
1511 1022 1729 1084 visum
1762 1029 1888 1100 est;
1922 1021 2148 1100 itaque
2182 1021 2454 1084 immisit
2487 1035 2525 1086 4

360 1126 618 1207 equites
667 1124 1210 1204 summoverique
1259 1131 1463 1204 atque
1515 1122 1587 1184 in
1638 1131 1854 1185 castra
1905 1121 2113 1201 redigi
2162 1122 2455 1184 hostium

360 1227 735 1307 equitatum
781 1226 990 1288 iussit.
1105 1227 1428 1304 Equestre
1504 1224 1826 1303 proelium
1868 1223 2237 1286 secundum
2304 1222 2454 1301 fuit,

359 1327 812 1406 summotique
869 1327 1091 1388 hostes
1147 1332 1325 1388 sunt.
1415 1325 1500 1388 Et
1562 1324 1717 1405 quia
1774 1324 2001 1386 multis
2058 1324 2218 1386 locis
2277 1342 2454 1386 com·
2487 1339 2524 1392 9

364 1424 695 1506 primendi
785 1425 1112 1488 tumultus
1186 1430 1394 1503 erant,
1488 1423 1600 1503 qui
1687 1430 1931 1486 temere
2022 1423 2155 1485 orie
2163 1424 2423 1502 bantur,

364 1526 612 1607 placuit
685 1515 935 1604 omneS,
1027 1525 1140 1605 qui
1228 1524 1599 1603 dictatoreS,
1686 1524 1986 1586 consules
2071 1542 2455 1587 censoresve

357 1627 662 1706 fuissent,
711 1644 866 1689 cum
925 1625 1206 1705 imperio
1248 1644 1412 1704 esse,
1474 1625 1681 1687 donec
1719 1625 2087 1688 recessisset
2147 1644 2188 1687 a
2249 1625 2456 1687 muris

359 1726 589 1790 hostiS.
709 1727 796 1790 Et
852 1724 978 1788 diei
1050 1724 1230 1805 quod
1308 1723 1640 1805 reliquum
1703 1724 1832 1787 fuit
1898 1731 1963 1787 et
2028 1731 2220 1787 nocte
2282 1725 2457 1787 inse-
2493 1742 2565 1794 10

365 1819 594 1907 quenti
647 1825 841 1888 multi
891 1833 1136 1888 temere
1177 1823 1442 1887 excitati
1496 1823 1822 1887 tumultus
1875 1832 2031 1888 sunt
2071 1824 2455 1903 compressi-

364 1945 511 2007 que.

528 2026 645 2089 XI.
691 2028 961 2088 Postero
1036 2024 1140 2087 die
1206 2030 1653 2102 transgressus
1722 2024 2044 2087 Anienem
2113 2025 2452 2087 Hannibal
2487 2036 2520 2088 1

359 2126 430 2187 in
469 2125 684 2188 aciem
725 2124 941 2186 omnis
981 2124 1207 2203 copias
1247 2123 1499 2202 eduxit3
1541 2142 1663 2186 nec
1703 2125 1979 2186 Flaccus
2020 2125 2451 2204 consulesque

362 2233 700 2289 certamen
751 2225 1219 2288 detrectavere.
1282 2224 1629 2286 Instructis
1676 2225 2015 2305 utrimque
2060 2226 2453 2289 exercitibus
2486 2240 2523 2290 2

360 2325 431 2388 in
469 2324 611 2388 eius
654 2342 914 2405 pugnae
955 2342 1207 2402 casum,
1247 2323 1318 2384 in
1362 2342 1494 2404 qua
1533 2323 1693 2385 urbs
1732 2325 1948 2388 Roma
1992 2324 2224 2389 victori
2267 2345 2451 2406 prae-

361 2424 574 2487 mium
621 2433 812 2503 esset,
860 2424 1074 2486 imber
1119 2423 1351 2502 ingens
1399 2423 1722 2501 grandine
1769 2424 2015 2487 mixtus
2061 2425 2155 2488 ita
2203 2433 2453 2489 utram-

366 2543 491 2606 que
528 2526 742 2589 aciem
778 2525 1098 2602 turbavit,
1138 2532 1213 2587 ut
1253 2523 1364 2585 vix
1398 2523 1605 2586 armis
1642 2525 1911 2587 retentis
1950 2525 2021 2585 in
2060 2534 2276 2588 castra
2313 2545 2453 2589 sese

361 2625 727 2704 receperint
770 2625 1016 2687 nullius
1060 2624 1154 2686 rei
1198 2623 1452 2686 minore
1490 2643 1691 2704 quam
1735 2625 2030 2688 hostium
2073 2635 2278 2690 metu.
2369 2629 2453 2690 Et
2487 2640 2524 2692 3

367 2733 625 2804 postero
689 2725 791 2787 die
850 2725 1085 2788 eodem
1143 2726 1288 2787 loco
1346 2725 1522 2788 acies
1580 2725 1937 2789 instructas
1995 2727 2231 2789 eadem
2288 2736 2454 2813 tem-

366 2833 583 2904 pestas
623 2824 904 2888 diremit.
994 2825 1125 2888 Ubi
1160 2826 1559 2904 recepissent
1594 2843 1663 2887 se
1699 2826 1771 2886 in
1805 2834 2042 2905 castra,
2080 2827 2249 2889 mira
2284 2847 2453 2891 sere-

362 2926 537 2988 nitas
598 2935 752 2987 c‘um
810 2925 1287 3006 tranquillitate
1349 2926 1705 2989 oriebatur.
1793 2927 1874 2988 In
1931 2928 2314 3006 religionem
2374 2948 2452 2991 ea
2486 2934 2525 2985 4

362 3044 466 3088 res
512 3026 699 3105 apud
746 3028 1001 3088 Poenos
1054 3045 1243 3089 versa
1292 3034 1411 3106 est,
1461 3026 1826 3108 auditaque
1880 3046 2007 3089 vox
2057 3029 2454 3092 Hannibalis

361 3128 594 3205 fertur,
643 3126 1001 3206 potiundae
1045 3127 1170 3189 sibi
1212 3128 1396 3189 urbis
1439 3129 1694 3191 Romae
1737 3129 1939 3191 modo
1983 3138 2275 3193 mentem
2316 3148 2454 3191 non

369 3226 532 3305 dari,
577 3227 780 3288 modo
821 3227 1183 3290 fortunam.
1275 3229 1572 3292 Minuere
1617 3230 1819 3292 etiam
1863 3249 2050 3309 spem
2096 3231 2235 3293 eius
2286 3232 2452 3293 duae
2489 3246 2523 3297 5

364 3326 556 3405 aliae,
620 3344 827 3406 parva
885 3344 1287 3409 magnaque,
1347 3347 1476 3391 res:
1536 3347 1781 3409 magna
1839 3328 1973 3408 illa,
2039 3330 2237 3410 quod,
2300 3351 2453 3393 cum

364 3426 506 3506 ipse
553 3427 642 3490 ad
691 3427 956 3490 moenia
1004 3428 1188 3490 urbis
1236 3429 1491 3491 Romae
1539 3438 1837 3492 armatus
1887 3431 2164 3510 sederet,
2214 3432 2455 3494 milites

364 3527 492 3590 sub
522 3527 772 3589 vexillis
797 3527 868 3588 in
893 3528 1434 3608 supplementum
1460 3530 1825 3608 Hispaniae
1855 3532 2185 3609 profectos
2211 3533 2453 3610 audiit;

417 3709 500 3754 1⁰.
553 3706 668 3753 diei
689 3706 833 3760 quod
857 3707 1140 3760 reliquum
1157 3706 1288 3753 fuit:
1321 3724 1360 3744 =
1511 3709 1597 3752 XI.
1652 3711 1699 3756 2.
1755 3709 1837 3757 ln:
1877 3711 1963 3754 “in
1996 3713 2318 3764 expectation
2353 3715 2455 3755 ου’

369 3773 447 3816 dic
473 3773 670 3826 reliquo.
717 3774 829 3816 Diei
856 3777 1078 3826 depende
1107 3785 1245 3826 upon
1280 3777 1367 3817 the
1510 3778 1559 3822 4.
1612 3778 1852 3822 mentem
1886 3788 1995 3824 non
2032 3779 2178 3825 dari:
2217 3781 2291 3822 i.e.
2324 3783 2458 3823 atter

370 3842 591 3886 ablatlve
609 3844 905 3884 antecedent
923 3844 977 3883 ot
995 3843 1138 3892 quod.
1461 3845 1549 3885 the
1566 3846 1727 3886 battle
1744 3849 1798 3886 ot
1816 3847 2030 3890 Cannae.
