2967 4384
362 245 498 287 xxx.
535 232 627 300 14]
1143 225 1374 283 mna
1407 225 1580 281 xxx
2356 224 2459 278 161

371 406 640 484 quidem
681 406 899 466 fuerat
942 421 1094 465 eam
1140 402 1437 482 patribus
1479 400 1721 462 nostris
1763 406 2057 461 mentem
2104 399 2332 459 datam
2372 398 2462 459 ab

370 507 468 567 dis
500 524 664 583 esse,
696 511 771 566 ut
804 511 868 567 et
903 522 1023 566 vos
1054 503 1285 565 Italiae
1318 509 1383 565 et
1415 519 1537 562 nos
1567 500 1826 562 Africae
1858 498 2137 577 imperio
2171 498 2464 559 contenti

367 624 688 683 essemus3
745 622 960 683 neque
1010 605 1188 666 enim
1234 623 1317 664 ne
1366 603 1559 665 vobis
1611 602 1880 680 quidem
1927 599 2142 660 Sicilia
2188 618 2267 660 ae
2315 599 2465 661 Sar-
2496 612 2533 663 ‘1

371 705 550 767 dinia
588 705 749 767 satis
791 705 988 783 digna
1032 704 1239 783 pretia
1277 709 1431 764 sunt
1474 720 1590 781 pro
1628 707 1726 762 tot
1765 699 2107 777 classibuS,
2145 704 2245 760 tot
2284 717 2465 761 exer-

368 805 629 883 citibus,
688 810 788 866 tot
844 810 986 866 tam
1043 803 1318 883 egregiis
1375 801 1636 864 amissis
1698 800 1997 862 ducibus.
2089 798 2216 861 Sed
2276 817 2463 879 prae-

367 905 560 967 terita
631 905 844 985 magis
918 903 1310 983 reprehendi
1385 907 1661 981 possunt
1738 917 1941 979 quam
2013 897 2269 980 corrigi.
2358 900 2463 961 Ita
2494 915 2535 966 8

366 1005 584 1068 aliena
630 1004 1103 1083 adpetivimus,
1149 1009 1225 1066 ut
1275 1003 1352 1064 de
1399 1003 1641 1064 nostris
1692 1002 2178 1080 dimicaremus,
2225 1019 2346 1063 nec
2392 1001 2463 1061 in

368 1104 561 1167 Italia
601 1106 819 1166 solum
858 1103 1050 1165 nobis
1095 1103 1363 1181 bellum,
1406 1103 1598 1164 vobis
1637 1102 1707 1163 in
1745 1102 1968 1164 Africa
2008 1108 2200 1180 esset,
2242 1102 2358 1163 sed
2399 1106 2463 1163 et

368 1223 490 1267 vos
528 1205 598 1265 in
642 1204 846 1283 portis
887 1204 1121 1265 vestris
1163 1221 1366 1281 prope
1407 1221 1484 1264 ac
1526 1202 1875 1264 moenibus
1914 1202 2103 1281 signa
2141 1219 2462 1281 armaque

368 1304 663 1365 hostium
719 1303 978 1365 vidistis
1033 1309 1098 1364 et
1153 1320 1276 1364 nos
1330 1303 1418 1364 ab
1475 1301 1869 1381 Carthagine
1925 1302 2267 1363 fremitum
2323 1320 2466 1363 cas-

368 1409 625 1465 trorum
659 1403 1120 1464 Romanorum
1155 1402 1569 1465 exaudimus.
1660 1402 1852 1480 Quod
1891 1401 2091 1480 igitur
2128 1420 2251 1464 nos
2279 1419 2466 1462 max-
2495 1409 2532 1460 9

369 1504 499 1564 ime
531 1503 1095 1580 abominaremur,
1130 1520 1250 1564 vos
1281 1507 1435 1564 ante
1467 1500 1694 1563 omnia
1725 1501 2062 1580 optaretiS,
2093 1502 2163 1562 in
2194 1502 2462 1564 meliore

372 1608 592 1665 vestra
636 1603 909 1663 fortuna
958 1603 1035 1664 de
1085 1620 1244 1681 pace
1291 1601 1530 1681 agitur.
1619 1601 1893 1679 Agimus
1939 1601 2044 1679 ei,-
2072 1619 2355 1680 quorum
2400 1607 2464 1664 et

371 1702 658 1764 maxime
698 1703 969 1764 interest
1011 1719 1245 1781 pacem
1283 1719 1446 1779 esse,
1488 1707 1553 1763 et
1597 1701 1709 1779 qui
1753 1702 2221 1780 quodcumque
2259 1702 2465 1781 egeri-

371 1819 544 1880 mus,
600 1807 825 1863 ratum
879 1800 1182 1863 civitates
1236 1807 1499 1862 nostrae
1554 1800 1903 1862 habiturae
1959 1807 2134 1863 sunt.
2223 1801 2465 1862 Animo

373 1907 639 1963 tantum
687 1901 881 1962 nobis
931 1919 1100 1979 opus
1150 1906 1248 1962 est
1297 1918 1433 1961 non
1483 1900 1879 1962 abhorrente
1930 1919 1971 1961 a
2026 1900 2261 1979 quietis
2312 1919 2469 1963 con-

375 2001 554 2063 siliis,
647 2000 839 2078 Quod
872 2001 962 2062 ad
995 2017 1101 2062 me
1136 1999 1394 2078 attinet,
1428 1999 1567 2061 iam
1600 2005 1783 2061 aetas
1817 2016 2043 2062 senem
2075 2000 2145 2061 in
2181 2001 2467 2079 patriam
2503 2008 2575 2060 10

375 2105 838 2178 revertentem,
885 2102 1064 2162 unde
1119 2117 1280 2180 puer
1330 2100 1663 2179 profectus
1711 2116 1883 2178 sum,
1932 2099 2069 2161 iam
2116 2103 2469 2179 secundae,

374 2201 511 2263 iam
573 2202 894 2263 adversae
959 2218 1062 2262 res
1125 2198 1219 2262 ita
1284 2199 1691 2277 erudierunt,
1755 2205 1831 2261 ut
1894 2200 2221 2261 rationem
2284 2202 2473 2280 sequi

379 2318 582 2379 quam
623 2301 969 2362 fortunam
1010 2300 1271 2377 malim3
1313 2306 1503 2361 tuam
1546 2306 1610 2362 et
1653 2299 2177 2361 adulescentiam
2220 2306 2283 2362 et
2331 2319 2475 2380 per-
2511 2307 2581 2357 11

378 2407 648 2480 petuam
720 2400 1128 2478 felicitatem,
1200 2400 1526 2461 ferociora
1596 2405 1879 2478 utraque
1958 2416 2161 2478 quam
2238 2400 2473 2479 quietis

376 2519 543 2579 opus
586 2506 685 2563 est
729 2500 1038 2578 consiliiS,
1084 2505 1333 2562 metuo,
1423 2501 1569 2560 Non
1611 2505 1856 2561 temere
1900 2499 2153 2562 incerta
2195 2518 2473 2562 casuum

374 2606 661 2680 reputat,
724 2617 923 2679 quem
978 2600 1248 2661 fortuna
1303 2616 1678 2678 numquam
1738 2600 2012 2678 decepit.
2104 2601 2296 2679 Quod
2351 2619 2471 2681 ego

375 2700 472 2761 fui
510 2701 598 2761 ad
637 2701 1192 2778 Trasumennum,
1232 2701 1320 2761 ad
1359 2699 1644 2777 Cannas,
1685 2700 1753 2760 id
1791 2705 1867 2760 tu
1902 2700 2099 2762 hodie
2140 2719 2230 2762 es.
2319 2701 2473 2760 Vix-
2508 2709 2579 2758 12

379 2801 540 2861 dum
575 2799 848 2861 militari
884 2805 1100 2862 aetate
1140 2801 1418 2879 imperio
1456 2805 1729 2878 accepto
1768 2801 1993 2862 omnia
2030 2799 2469 2862 audacissime

374 2899 803 2978 incipientem
845 2916 1184 2978 nusquam
1225 2901 1458 2962 fefellit
1504 2902 1794 2964 fortuna.
1885 2901 2096 2962 Patris
2140 2907 2205 2963 et
2252 2901 2471 2981 patrui

379 3004 758 3077 persecutus
803 3005 1090 3060 mortem
1133 3018 1212 3062 ex
1257 3002 1634 3063 calamitate
1682 3007 1936 3063 vestrae
1987 3003 2223 3063 domus
2272 3002 2471 3062 decus
2506 3009 2577 3060 13

374 3097 628 3176 insigne
703 3098 969 3160 virtutis
1044 3098 1436 3180 pietatisque
1513 3101 1786 3163 eximiae
1860 3100 2119 3179 cepisti;
2190 3101 2469 3162 amissas

373 3196 734 3276 Hispanias
774 3200 1178 3277 recuperasti
1225 3206 1538 3278 quattuor
1577 3201 1730 3263 inde
1772 3200 2035 3262 Punicis
2076 3200 2469 3263 exercitibus

378 3297 610 3375 pulsis;
647 3297 877 3359 consul
915 3304 1196 3377 creatuS,
1235 3317 1390 3360 cum
1425 3300 1655 3363 ceteris
1691 3302 1780 3363 ad
1813 3302 2168 3363 tutandam
2203 3301 2469 3363 Italiam
2504 3306 2577 3357 14

381 3414 615 3476 parum
651 3398 858 3459 animi
895 3405 1086 3477 esset,
1123 3405 1569 3480 transgressus
1604 3401 1673 3462 in
1707 3401 2023 3479 Africam,
2065 3402 2326 3464 duobus
2360 3401 2467 3462 hic

375 3497 768 3560 exercitibus
806 3500 1034 3577 caesiS‚
1077 3499 1247 3562 binis
1285 3503 1524 3563 eadem
1559 3504 1724 3563 hora
1762 3502 1972 3580 captis
2010 3502 2208 3563 simul
2244 3503 2468 3562 incen-

423 3649 470 3693 9.
529 3647 602 3693 ei:
637 3649 955 3700 emphasizes
985 3651 1074 3692 the
1101 3650 1301 3700 subject
1319 3653 1372 3692 ot
1467 3652 1573 3694 tlve
1590 3656 1645 3693 to
1662 3651 2030 3693 adulescentiam
2047 3651 2461 3704 andselicitatem.
2526 3697 2531 3704 ,

375 3716 570 3767 aqimus.
624 3717 744 3768 qui:
772 3718 902 3758 omit,
918 3717 974 3759 111
993 3719 1316 3760 translation.
1466 3719 1744 3764 consiliis:
1762 3721 1947 3761 dative.

426 3782 504 3827 10-
561 3783 744 3828 totam
765 3793 831 3826 sc·
854 3784 1044 3826 erudiit.
1517 3788 1598 3831 14.
1652 3786 1870 3831 consul:
1902 3797 1968 3828 an
1996 3785 2290 3828 inaccurate
2315 3789 2465 3827 state-

425 3849 506 3894 u.
560 3849 836 3896 ferociora
875 3854 1136 3904 utraque:
1174 3853 1369 3904 apposi-
1465 3858 1627 3902 menta
1649 3863 1730 3894 see
1747 3855 1807 3894 28.
1830 3854 1891 3894 38.
1910 3855 1948 3895 4.
2003 3853 2461 3898 animunzsc.tuuc.
