2967 4384
547 247 658 301 110
1469 251 1533 302 ¹1⁸.
1572 251 1738 306 1.1v1
2440 249 2581 320 [viii.
2608 249 2641 303 1

546 439 626 482 ex
691 421 1054 500 transfugis
1120 422 1394 484 Fulvius
1461 423 1735 484 Flaccus
1803 424 2065 486 senatui
2131 425 2421 487 Romam
2487 440 2643 485 cum

545 522 934 600 scripsisset,
974 523 1155 584 varie
1201 523 1408 584 animi
1450 523 1804 584 hominum
1849 542 1966 602 pro
2012 524 2333 604 cuiusque
2376 524 2642 603 ingenio

476 632 514 683 2
546 621 792 683 adfecti
848 628 1024 684 sunt.
1115 621 1202 684 Ut
1258 623 1327 683 in
1381 641 1450 684 re
1507 629 1649 684 tam
1702 624 1964 702 trepida
2018 630 2256 687 senatu
2312 626 2643 703 extemplo

548 729 787 783 vocato
834 722 904 784 P.
951 722 1316 800 CorneliuS,
1354 722 1460 785 cui
1502 723 1744 784 Asinae
1790 741 2158 803 cognomen
2201 730 2366 803 erat,
2411 741 2645 786 omnes

550 822 750 883 duces
795 822 1249 901 exercitusque
1297 841 1376 884 ex
1420 828 1564 885 tota
1608 823 1802 884 Italia
1847 841 2062 903 neque
2111 824 2379 902 Capuae
2424 841 2644 903 neque

545 921 745 984 ullius
804 923 1074 984 alterius
1131 923 1225 984 rei
1283 940 1541 984 memor
1598 924 1686 985 ad
1743 924 1928 986 urbis
1990 925 2394 1004 praesidium
2450 942 2646 988 revo-

476 1026 514 1078 3
547 1023 775 1099 cabat3
821 1023 1068 1085 Fabius
1113 1024 1446 1086 Maximus
1492 1024 1761 1086 abscedi
1808 1043 1849 1086 a
1895 1026 2126 1104 Capua
2170 1025 2529 1105 terrerique
2578 1031 2644 1088 et

547 1122 908 1202 circumagi
944 1124 1032 1184 ad
1068 1129 1273 1185 nutus
1309 1124 1988 1204 comminationesque
2023 1125 2423 1188 Hannibalis
2456 1125 2645 1205 flagi-

477 1229 516 1280 4
545 1221 795 1284 tiosum
849 1222 1167 1287 ducebat:
1238 1224 1350 1302 qui
1400 1225 1489 1285 ad
1556 1225 1819 1286 Cannas
1871 1225 2082 1286 victor
2131 1227 2229 1287 ire
2275 1232 2503 1287 tamen
2552 1224 2643 1288 ad

546 1323 783 1384 urbem
831 1340 1033 1385 ausus
1079 1342 1217 1385 non
1263 1330 1453 1402 esset,
1502 1341 1658 1386 eum
1704 1343 1743 1386 a
1790 1325 2022 1403 Capua
2066 1327 2408 1403 repulsum
2452 1341 2643 1405 spem

476 1432 513 1485 5
551 1424 910 1500 potiundae
959 1425 1143 1485 urbis
1191 1425 1444 1485 Romae
1493 1425 1773 1503 cepisse!
1860 1425 2008 1484 Non
2054 1425 2143 1486 ad
2190 1427 2478 1486 Romam
2524 1426 2645 1486 ob-

546 1524 919 1603 sidendam,
969 1525 1087 1586 sed
1136 1525 1222 1585 ad
1273 1525 1541 1602 Capuae
1590 1524 2008 1585 liberandam
2058 1524 2475 1586 obsidionem
2521 1526 2638 1586 ire.

544 1624 836 1686 Romam
888 1642 1044 1685 cum
1095 1643 1174 1686 eo
1227 1627 1538 1702 exercitu,
1588 1626 1698 1703 qui
1751 1626 1838 1686 ad
1890 1625 2127 1687 urbem
2180 1632 2371 1704 esset,
2410 1628 2644 1688 Iovem

544 1724 894 1786 foederum
933 1731 1287 1802 ruptorum
1325 1727 1412 1786 ab
1452 1724 1829 1787 Hannibale
1870 1732 2108 1786 testem
2149 1726 2436 1804 deosque
2477 1726 2645 1787 alios

471 1835 516 1889 6
552 1824 936 1887 defensuros
991 1843 1154 1886 esse.
1260 1826 1402 1887 Has
1460 1825 1754 1886 diversas
1808 1826 2167 1886 sententias
2221 1824 2442 1886 media
2496 1843 2645 1886 sen-

545 1925 756 1987 tentia
801 1925 872 1988 P.
919 1924 1163 1987 Valerii
1207 1925 1425 1987 Flacci
1471 1925 1652 2003 vicit,
1703 1925 1815 2004 qui
1859 1926 2203 2004 utriusque
2248 1925 2342 1986 rei
2387 1942 2645 1986 memor

543 2024 1082 2104 imperatoribus,
1129 2026 1241 2104 qui
1280 2026 1368 2087 ad
1408 2027 1710 2104 Capuam
1748 2033 1985 2103 essent,
2026 2025 2452 2089 scribendum
2491 2043 2647 2086 cen-

541 2124 696 2202 suit,
765 2125 925 2204 quid
985 2126 1075 2187 ad
1135 2125 1372 2187 urbem
1436 2125 1743 2204 praesidii
1803 2132 1999 2203 esset3
2066 2130 2351 2205 quantas
2410 2128 2640 2186 autem

541 2226 882 2288 Hannibal
939 2226 1165 2304 copias
1227 2227 1492 2289 duceret
1548 2232 1664 2288 aut
1726 2231 1975 2304 quanto
2027 2225 2315 2287 exercitu
2369 2224 2457 2287 ad
2516 2225 2639 2285 Ca-

473 2341 512 2395 7
547 2343 749 2403 puam
775 2326 1217 2388 obsidendam
1243 2344 1410 2404 opus
1435 2331 1627 2404 esset,
1654 2325 1833 2405 ipsos
1858 2326 2044 2388 scire.
2139 2326 2204 2389 Si
2229 2326 2324 2387 ita
2348 2326 2639 2386 Romam

541 2444 578 2488 e
637 2426 915 2488 ducibus
966 2427 1133 2489 alter
1185 2432 1252 2488 et
1305 2427 1627 2488 exercitus
1686 2443 1837 2504 pars
1890 2426 2066 2488 mitti
2123 2431 2363 2504 posset,
2420 2430 2496 2487 ut
2547 2424 2638 2485 ab

542 2526 797 2605 reliquo
855 2533 920 2588 et
983 2527 1148 2588 duce
1206 2532 1272 2589 et
1329 2528 1619 2588 exercitu
1680 2527 1909 2605 Capua
1962 2531 2139 2588 recte
2201 2526 2634 2602 obsideretur,

474 2638 513 2690 8
541 2627 714 2689 inter
769 2644 839 2689 se
896 2634 1361 2706 compararent
1420 2627 1735 2688 Claudius
1792 2626 2222 2705 Fulviusque,
2279 2627 2414 2688 utri
2462 2627 2636 2688 obsi-

549 2727 766 2789 denda
816 2730 1067 2807 Capua,
1117 2728 1251 2790 utri
1297 2727 1385 2789 ad
1439 2727 1923 2805 prohibendam
1956 2726 2299 2789 obsidione
2351 2727 2638 2806 patriam

473 2841 511 2893 9
544 2827 833 2890 Romam
890 2827 1303 2890 veniundum
1356 2832 1546 2890 esset.
1637 2828 1781 2888 Hoc
1835 2832 2104 2889 senatus
2159 2826 2461 2889 consulto
2514 2827 2638 2889 Ca-

548 2945 753 3005 puam
792 2929 1041 3007 perlato
1078 2929 1154 3008 Q.
1193 2927 1467 2990 Fulvius
1511 2927 1882 3006 proconsul,
1922 2926 2049 3005 cui,
2090 2928 2338 3005 collega
2377 2944 2455 2989 ex
2495 2926 2639 2988 vul-

542 3044 697 3089 nere
742 3046 962 3107 aegro,
1015 3027 1527 3106 digrediundum
1572 3027 1861 3089 Romam
1906 3032 2068 3104 erat,
2116 3045 2151 3088 e
2197 3025 2411 3088 tribus
2455 3042 2637 3087 exer-

543 3129 786 3191 citibus
821 3131 1028 3192 milite
1064 3130 1294 3207 elect0,
1331 3128 1419 3190 ad
1463 3127 1843 3207 quindecim
1878 3127 2061 3189 milia
2101 3128 2422 3205 peditum,
2459 3127 2639 3188 mille

440 3245 509 3294 10
542 3230 798 3308 equites
864 3231 1267 3292 Vulturnum
1333 3226 1644 3290 traducit.
1734 3227 1898 3288 Inde
1967 3244 2121 3288 cum
2188 3227 2639 3289 Hannibalem

546 3465 743 3512 subject,
759 3464 813 3504 or
831 3462 1113 3513 compertum
1128 3462 1271 3511 (esse).
1318 3470 1440 3512 pro:
1459 3461 1544 3501 “in
1638 3460 1769 3502 tives
1806 3461 1940 3501 form
1976 3461 2062 3501 the
2098 3459 2299 3510 subject,
2339 3461 2393 3500 or
2428 3457 2639 3510 ,παρίαυ-

546 3531 850 3572 accordance
866 3531 1043 3570 with.”
1637 3539 1741 3568 sum
1826 3529 1984 3577 (esse).
2073 3527 2334 3572 ducebat:
2409 3527 2640 3568 “consid-

595 3599 645 3642 2.
699 3597 1021 3642 revocabat:
1074 3595 1328 3644 conatum
1375 3595 1451 3636 Le.
1500 3594 1545 3635 it,
1637 3596 1801 3635 ered.”
2230 3621 2233 3624 .

547 3674 651 3706 was
669 3664 751 3704 his
768 3665 976 3715 opinion
995 3664 1110 3704 that
1137 3665 1256 3713 they
1275 3663 1455 3703 should
1483 3663 1545 3702 be
1692 3663 1735 3706 δ.
1790 3660 2095 3713 potiundae
2114 3661 2294 3706 urbis:
2315 3669 2396 3701 see
2413 3660 2449 3699 5.
2474 3661 2509 3700 1.

548 3731 773 3772 recalled.
1691 3729 1737 3772 6.
1794 3727 2067 3775 exercitu:
2105 3727 2327 3769 ablativo
2360 3726 2486 3768 with
2519 3735 2640 3776 opu·

600 3799 646 3842 3.
701 3795 1277 3846 absceditlmpersonal.
1315 3794 1542 3845 terreri,
1640 3793 1771 3834 esset.

549 3863 874 3914 circumagi:
895 3866 1141 3913 personui.
1198 3863 1355 3903 These
1382 3862 1544 3901 inlini·
1690 3863 1737 3905 8.
1790 3860 1931 3905 utri:
1952 3861 2123 3903 dative
2141 3863 2196 3902 or
2212 3863 2299 3902 the
2318 3863 2482 3912 agent..
