2967 4384
372 221 468 272 xii.
497 219 558 286 1]
1193 219 1426 273 unna
1465 220 1646 272 xxn
2395 224 2465 276 65

287 417 294 426 ·
371 411 442 453 re
498 392 770 470 publica
822 391 1108 454 dictator
1156 391 1436 468 rettulit,
1495 391 1737 469 quibus
1792 398 2038 470 quotve
2088 393 2467 473 legionibus

374 491 617 554 victori
675 492 853 553 hosti
911 490 1190 553 obviam
1247 492 1551 552 eundum
1609 509 1750 552 esse
1815 499 2037 570 patres
2096 500 2463 555 censerent.

372 595 759 670 Decretum,
805 597 882 654 ut
929 592 1017 653 ab
1066 593 1186 653 Cn.
1225 591 1506 652 Servilio
1556 593 1828 652 consule
1878 593 2245 654 exercitum
2292 594 2466 655 acci·
2499 600 2534 650 2

378 701 591 773 peret3
638 692 955 754 scriberet
989 698 1332 771 praeterea
1363 706 1441 751 ex
1473 689 1738 752 civibus
1769 692 2099 769 sociisque
2138 699 2467 770 quantum

375 795 685 874 equitum
744 811 821 855 ac
886 792 1191 870 peditum
1252 791 1625 868 videretur3
1672 796 1892 852 cetera
1955 791 2183 852 omnia
2224 800 2466 873 ageret

375 897 785 974 faceretque,
854 899 930 953 ut
999 910 1033 952 e
1103 909 1172 952 re
1246 890 1518 969 publica
1592 884 1883 952 duceret.
1978 891 2228 954 Fabius
2301 895 2467 956 duas
2500 905 2536 957 3

374 997 670 1075 legiones
703 1014 771 1057 se
807 993 1233 1056 adiecturum
1266 994 1354 1054 ad
1387 991 1840 1053 Servilianum
1874 975 2243 1053 exercitum
2280 994 2463 1056 dixit.

374 1097 466 1158 Iis
531 1113 646 1175 per
706 1095 1108 1174 magistrum
1169 1094 1477 1172 equitum
1540 1092 1805 1170 scriptis
1868 1091 2075 1152 Tibur
2144 1093 2319 1155 diem
2378 1095 2467 1156 ad

375 1196 921 1259 conveniendum
966 1195 1203 1272 edixit3
1250 1194 1606 1272 edictoque
1658 1191 2023 1270 preposite,
2072 1199 2170 1270 ut,
2226 1194 2466 1272 quibus
2500 1201 2539 1252 4

375 1296 631 1375 oppida
680 1297 1088 1373 castellaque
1139 1295 1503 1356 immunita
1552 1301 1798 1373 essent,
1848 1300 1923 1355 ut
1973 1293 2019 1354 ii
2072 1296 2469 1375 commigra-

374 1403 522 1458 rent
565 1396 637 1456 in
677 1397 826 1457 loca
866 1401 1037 1474 tuta,
1083 1414 1162 1456 ex
1203 1395 1380 1474 agris
1429 1413 1697 1474 quoque
1745 1396 2193 1476 demigrarent
2237 1414 2468 1460 omnes

373 1496 665 1576 regionis
716 1495 882 1574 eiuS,
940 1512 1072 1573 qua
1122 1495 1340 1557 iturus
1390 1496 1741 1557 Hannibal
1792 1503 1986 1574 esset,
2041 1497 2232 1558 tectis
2287 1498 2469 1576 prius
2503 1498 2537 1550 5

374 1595 666 1658 incensis
703 1613 780 1657 ac
818 1594 1128 1674 frugibus
1165 1595 1522 1674 corruptis,
1562 1614 1645 1657 ne
1684 1596 1874 1657 cuius
1911 1596 2006 1658 rei
2044 1597 2239 1674 copia
2275 1604 2469 1675 esset,

374 1695 517 1774 ipse
567 1695 680 1758 via
725 1694 1058 1756 Flaminia
1108 1695 1448 1774 profectus
1496 1695 1775 1757 obviam
1820 1697 2080 1758 consuli
2125 1697 2473 1758 exercitui-

382 1814 508 1875 que
577 1812 735 1856 cum
801 1795 889 1856 ad
957 1794 1254 1856 Tiberim
1321 1793 1502 1857 circa
1570 1795 1956 1858 Ocriculum
2027 1796 2473 1875 prospexisset

375 1914 620 1975 agmen
666 1896 1148 1973 consulemque
1195 1913 1354 1957 cum
1398 1894 1744 1974 equitibus
1790 1897 1878 1958 ad
1925 1915 1993 1958 se
2045 1897 2471 1977 progredien-

377 2003 540 2074 tem,
604 1994 938 2058 viatorem
996 1994 1203 2072 misit,
1273 1994 1389 2074 qui
1449 1995 1712 2057 consuli
1760 1996 2127 2074 nuntiaret,
2190 2003 2266 2058 ut
2328 1996 2469 2058 sine
2505 1999 2541 2051 6

376 2095 730 2157 lictoribus
795 2096 883 2157 ad
953 2095 1354 2157 dictatorem
1419 2095 1703 2158 veniret.
1804 2097 2157 2176 Extemplo
2238 2098 2472 2159 consul
2506 2097 2542 2147 7

380 2195 638 2257 Ostiam
692 2195 1020 2274 proficisci
1069 2195 1294 2256 iussus
1363 2196 1820 2275 navibusque,
1873 2213 2041 2274 quae
2093 2198 2182 2259 ad
2230 2197 2473 2259 urbem

379 2296 762 2356 Romanam
796 2301 916 2356 aut
950 2293 1173 2356 Ostiae
1207 2302 1452 2373 essent,
1477 2295 1831 2374 completis
1859 2296 2069 2358 milite
2102 2315 2181 2358 ac
2213 2297 2474 2359 navali·-

383 2394 508 2456 bus
572 2394 769 2456 sociis
815 2395 1126 2473 persequi
1167 2395 1468 2457 hostium
1510 2397 1795 2458 classem
1861 2415 1939 2458 ac
1990 2397 2187 2460 litora
2237 2397 2470 2459 Italiae

378 2493 609 2558 tutari.
701 2496 952 2575 Magna
1001 2493 1106 2556 vis
1154 2494 1513 2556 hominum
1563 2496 1945 2576 conscripta
1982 2499 2237 2560 Romae
2301 2503 2474 2576 erat;
2507 2504 2544 2555 8

379 2593 676 2656 libertini
736 2594 966 2673 etiam,
1004 2595 1250 2672 quibus
1290 2594 1485 2656 liberi
1528 2601 1750 2658 essent
1788 2602 1853 2658 et
1900 2603 2087 2659 aetas
2137 2597 2470 2675 militaris,

380 2693 453 2754 in
484 2695 692 2756 verba
739 2694 1154 2757 iuraverant.
1246 2696 1347 2756 Ex
1386 2695 1514 2757 hoc
1547 2696 1812 2758 urbano
1845 2697 2137 2771 exercitu
2193 2697 2306 2775 qui
2342 2697 2469 2757 mi·
2501 2705 2539 2757 9

380 2811 578 2856 nores
627 2793 922 2872 quinque
975 2801 1040 2856 et
1071 2795 1348 2874 triginta
1398 2795 1595 2858 annis
1631 2804 1823 2858 erant
1854 2796 1925 2858 in
1950 2796 2145 2860 navis
2172 2795 2470 2876 inpositi,

380 2893 521 2972 alii,
546 2900 622 2955 ut
647 2895 800 2955 urbi
835 2895 1316 2974 praesiderent,
1348 2897 1584 2958 relicti.

555 2994 705 3056 XII.
755 2994 1060 3057 Dictator
1112 2995 1406 3056 exercitu
1462 2995 1756 3058 consulis
1810 3003 2087 3076 accepto
2140 3016 2182 3059 a
2234 2997 2472 3059 Fulvio
2511 3001 2544 3051 1

381 3095 622 3156 Flacco
659 3095 881 3174 legato
924 3113 1040 3174 per
1077 3113 1318 3174 agrum
1354 3096 1685 3158 Sabinum
1723 3097 1952 3174 Tibur,
1997 3113 2128 3174 quo
2171 3097 2347 3158 diem
2384 3098 2473 3158 ad

432 3293 480 3337 2.
537 3291 832 3337 scriberet:
882 3293 1130 3337 “enroll'·:
1169 3293 1382 3344 parallel
1527 3296 1576 3339 4.
1632 3293 1698 3338 ut
1725 3294 1891 3339 ruthe
1904 3295 2083 3335 second
2099 3295 2149 3333 ut
2168 3294 2211 3334 is
2225 3295 2473 3345 tautolog-

381 3359 438 3402 in
465 3360 816 3400 construction
837 3364 890 3399 to
908 3360 1148 3408 accipet-et.
1479 3362 1590 3402 ical.

434 3429 480 3472 8.
536 3436 566 3471 e
600 3426 930 3477 republica:
965 3427 1140 3467 “1nthe
1166 3428 1381 3468 interest,
1530 3429 1577 3472 7.
1633 3426 1892 3472 classem:
1959 3429 2045 3469 the
2107 3428 2471 3478 Carthaginian

381 3494 540 3534 ottho
559 3495 742 3534 state.”
810 3493 1206 3538 Servilianum:
1233 3495 1382 3533 :Ser-
1477 3495 1593 3535 fleet
1628 3505 1732 3536 was
1784 3496 1851 3542 ,on
1887 3496 1971 3535 the
2026 3499 2167 3536 coast
2218 3497 2272 3535 ot
2324 3496 2476 3534 Etru-

381 3559 501 3600 vt'lii.
569 3561 672 3600 'l'he
693 3560 846 3600 Latin
873 3561 1160 3610 frequently
1179 3570 1294 3600 uses
1315 3569 1380 3600 an
1475 3561 1568 3602 ria.

385 3627 634 3676 adjective
685 3627 882 3667 formed
926 3628 1058 3666 from
1113 3637 1143 3666 a.
1195 3637 1381 3678 proper
1527 3628 1575 3671 8.
1630 3627 1692 3671 ln
1716 3629 1907 3672 verba:
1930 3630 2015 3668 the
2042 3629 2217 3669 consul
2246 3628 2358 3668 first
2376 3627 2471 3667 dic-

383 3703 532 3734 name
559 3694 758 3734 instead
784 3695 838 3733 01·
873 3703 904 3734 a
931 3693 1211 3743 possessive
1247 3693 1380 3742 geni-
1477 3696 1617 3734 tated
1664 3697 1748 3734 the
1784 3697 1908 3734 oath
1944 3697 1998 3734 01
2042 3695 2317 3742 allegiance
2355 3699 2407 3734 to
2443 3703 2473 3734 a

383 3759 499 3799 tive-
554 3760 746 3803 Tibur:
784 3759 918 3800 limit
948 3761 1002 3799 of
1037 3760 1232 3799 motion
1253 3759 1376 3799 with
1476 3761 1876 3809 representative
1914 3760 2111 3804 soldier.
2134 3763 2247 3799 who
2266 3761 2319 3800 in
2351 3765 2473 3800 turn

383 3827 764 3867 conveniendum.
1475 3828 1698 3867 dictated
1715 3828 1757 3868 it
1777 3833 1830 3867 to
1849 3827 1928 3866 his
1948 3827 2218 3865 comrades.
