2967 4384
945 707 1403 880 *TITI
1490 706 1899 828 LIVI

900 943 1042 1011 AB
1106 945 1417 1012 URBE
1486 945 2011 1014 CONDITA

1174 1203 1434 1266 LIBER
1502 1205 1720 1266 XXIX

576 1339 810 1400 XXVI.
857 1339 1105 1399 Multae
1176 1337 1417 1400 classes
1486 1339 1830 1401 Romanae
1901 1359 1935 1402 e
2006 1340 2224 1403 Sicilia
2293 1348 2492 1422 atque
2530 1351 2561 1401 1

401 1439 549 1518 ipso
598 1431 711 1499 illo
765 1443 960 1517 portu
1013 1437 1343 1515 profectae
1394 1444 1613 1514 erant3
1663 1445 1956 1501 ceterum
2004 1457 2141 1501 non
2191 1458 2269 1502 eo
2325 1442 2492 1504 bello

401 1538 621 1600 solum
648 1571 729 1580 —-
753 1554 874 1599 nec
922 1537 993 1599 id
1039 1536 1306 1615 mirum,
1358 1539 1753 1616 praedatum
1799 1539 1977 1599 enim
2023 1543 2491 1604 tantummodo

403 1639 754 1717 pleraeque
803 1638 1042 1698 classes
1087 1636 1299 1699 ierant
1328 1671 1431 1715 —-,
1478 1639 1596 1699 sed
1643 1656 1724 1699 ne
1776 1639 1987 1717 priore
2040 1640 2311 1718 quidem
2354 1643 2492 1703 ulla

401 1736 719 1816 profectio
758 1737 930 1799 tanti
967 1737 1328 1816 spectaculi
1365 1737 1523 1814 fuit3
1563 1745 1982 1801 concurrerat
2022 1741 2111 1801 ad
2150 1746 2492 1819 spectacu-
2522 1751 2559 1802 ‘1

397 1839 540 1900 lum
596 1839 666 1899 in
728 1843 994 1916 portum
1053 1837 1269 1898 omnis
1326 1837 1527 1899 turba
1583 1855 1720 1898 non
1778 1838 2228 1900 habitantium
2286 1842 2488 1902 modo

398 1938 715 2016 Lilybaei,
753 1938 871 1999 sed
908 1936 1317 2016 legationum
1353 1936 1657 1998 omnium
1694 1955 1772 1998 ex
1810 1937 2050 2016 Sicilia,
2095 1956 2261 2017 quae
2299 1946 2362 2001 et
2398 1941 2488 2002 ad

396 2040 935 2117 prosequendum
985 2035 1361 2115 Scipionem
1414 2037 1612 2098 officii
1666 2054 1869 2099 causa
1921 2045 2369 2101 convenerant
2420 2046 2485 2102 et
2576 2047 2579 2054 “

395 2145 766 2217 praetorem
816 2138 1193 2218 provinciae
1243 2138 1334 2200 Μ.
1385 2138 1833 2216 Pomponium
1880 2144 2142 2200 secutae
2192 2139 2484 2219 fuerant3

390 2239 480 2300 ad
541 2240 668 2300 hoc
729 2239 1042 2318 legiones,
1114 2255 1281 2316 quae
1347 2237 1417 2298 in
1480 2237 1699 2299 Sicilia
1763 2238 2329 2317 relinquebantur,
2394 2241 2483 2301 ad
2516 2246 2552 2297 8

394 2340 886 2418 prosequendos
958 2338 1438 2400 commilitones
1516 2343 1995 2416 processerant3
2064 2355 2186 2399 nec
2257 2338 2482 2401 classis

389 2440 590 2501 modo
647 2440 1220 2518 prospectantibus
1274 2457 1308 2500 e
1361 2444 1560 2516 terra,
1614 2439 1731 2500 sed
1784 2443 1958 2499 terra
2010 2437 2212 2499 etiam
2266 2439 2482 2502 omnis

387 2538 563 2600 circa
595 2540 837 2601 referta
869 2540 1070 2603 turba
1105 2541 1482 2619 spectaculo
1520 2537 1993 2616 navigantibus
2028 2543 2188 2600 erat.

557 2640 824 2702 XXVII.
871 2639 1003 2701 Ubi
1068 2639 1304 2716 illuxit,
1370 2638 1588 2717 Scipio
1656 2655 1690 2698 e
1763 2637 2091 2716 praetoria
2155 2655 2328 2700 nave
2394 2639 2480 2701 si·
2514 2644 2547 2694 1

384 2738 588 2801 lentio
674 2757 789 2818 per
872 2755 1265 2818 praeconem
1344 2739 1523 2800 facto
1590 2736 1755 2798 ‘divi
1824 2735 2016 2797 divae
2025 2737 2195 2815 que,’
2260 2737 2478 2817 inquit

387 2838 528 2918 ‘qui
589 2839 806 2901 maria
888 2844 1228 2917 terrasque
1293 2837 1527 2915 colitiS,
1594 2854 1715 2899 vos
1781 2853 2010 2915 precor
2077 2854 2477 2917 quaesoque,

385 2939 485 3001 uti
535 2957 703 3018 quae
747 2939 818 3000 in
862 2957 1012 3000 meo
1056 2939 1334 3018 imperio
1380 2944 1565 3018 gesta
1608 2943 1787 3016 sunt,
1832 2942 2152 3017 geruntur
2199 2943 2475 3018 postque
2510 2949 2546 3000 2

386 3045 716 3118 gerentur,
780 3057 860 3101 ea
919 3038 1107 3117 mihi,
1174 3039 1417 3118 populo
1485 3038 1791 3117 plebique
1854 3038 2221 3116 Romanae,
2284 3038 2477 3099 sociis

386 3139 772 3218 nominique
830 3139 1088 3217 Latino,
1151 3138 1263 3217 qui
1323 3139 1550 3217 populi
1606 3137 1894 3199 Romani
1955 3137 2199 3216 quique
2256 3155 2477 3200 meam

385 3245 659 3317 sectam,
715 3240 1071 3317 imperium
1125 3239 1630 3317 auspiciumque
1686 3243 1862 3299 terra
1917 3238 2086 3299 mari
2141 3243 2474 3315 secuntur,

389 3338 554 3401 bene
603 3345 1020 3416 verruncent,
1067 3355 1277 3417 eaque
1325 3356 1445 3400 vos
1492 3337 1716 3399 omnia
1765 3337 1929 3399 bene
1974 3336 2237 3413 iuvetis,
2288 3337 2477 3399 bonis

387 3499 580 3546 xxv1.
637 3501 681 3545 1.
736 3502 783 3546 7.
848 3502 895 3546 8.
966 3498 1182 3544 XXVII.
1237 3499 1379 3544 1-13.
1530 3501 1577 3545 7.
1631 3498 2147 3552 Lilybaeizloeative,
2161 3497 2477 3541 habitantium

500 3567 680 3619 Scipio
699 3567 824 3612 Sets
840 3567 952 3610 Sail
971 3567 1053 3610 for
1073 3567 1271 3610 Africa.
1478 3568 1629 3618 being
1644 3569 1767 3608 used
1786 3567 2176 3618 intransitively.

439 3638 485 3682 1.
539 3638 728 3688 portu:
781 3636 951 3688 Scipio
986 3641 1090 3678 sets
1115 3637 1213 3678 sail
1250 3637 1386 3678 from
1530 3635 1579 3678 8.
1633 3633 1858 3679 classis:
1886 3643 1951 3674 se.
1974 3630 2239 3682 spectaculo
2258 3632 2373 3674 erat.

385 3703 699 3754 Lilybaeum.
773 3703 1105 3754 spectaculi:
1173 3703 1388 3753 deserip-
1530 3701 1740 3742 XXVII.
1795 3701 1843 3744 2.
1897 3701 2260 3743 verruncent:
2287 3698 2478 3739 =ev0m‘·

385 3771 492 3812 tive
520 3771 756 3822 genitive.
810 3770 913 3810 The
930 3769 1115 3816 dative,
1136 3778 1194 3810 as
1223 3770 1278 3809 in
1299 3769 1321 3819 ς
1341 3769 1385 3818 8,
1482 3767 1584 3808 ant.
1638 3767 1818 3808 Notiee
1842 3767 1928 3807 the
1956 3765 2169 3807 number
2195 3767 2250 3806 ot
2276 3766 2476 3808 archaic

386 3838 554 3880 would
571 3839 631 3878 be
649 3836 901 3888 expected.
1483 3835 1645 3875 torma
1672 3833 1729 3874 in
1757 3833 1863 3874 this
1880 3839 2111 3884 passage,
2132 3840 2191 3874 as
2207 3831 2255 3874 is
2270 3832 2480 3874 natural
