2967 4384
383 297 558 337 xxxv.
592 285 650 350 e]
1227 281 1456 336 mxx
1495 282 1665 336 xxx
2375 285 2481 338 169

387 473 631 534 vagam
665 461 818 517 ante
855 471 924 516 se
961 455 1289 516 cernendo
1325 455 1558 516 aciem.
1650 455 1841 534 Quod
1876 454 2094 534 Scipio
2139 455 2251 517 ubi
2292 455 2475 534 vidit,
2514 471 2582 522 11

384 556 678 635 receptui
717 573 992 635 propere
1030 571 1262 617 canere
1300 555 1581 616 hastatis
1616 555 1805 616 iussit
1843 562 1905 617 et
1942 556 2183 617 sauciis
2219 557 2288 616 in
2329 575 2477 635 pos-

383 662 668 717 tremam
757 655 969 716 aciem
1057 654 1402 716 subductis
1500 655 1827 732 principes
1920 655 2311 734 triariosque
2405 657 2475 718 in

382 772 632 816 cornua
698 755 976 830 inducit,
1046 771 1176 831 quo
1243 754 1447 815 tutior
1513 755 1897 832 firmiorque
1964 756 2187 816 media
2252 756 2477 818 hasta-

377 861 604 917 torum
627 854 802 916 acies
826 859 1016 916 esset.
1108 855 1211 915 Ita
1234 872 1491 915 novum
1519 855 1596 916 de
1622 855 1877 934 integro
1905 856 2228 934 proelium
2255 862 2475 917 ortum
2511 870 2580 922 12

380 961 506 1032 est3
573 957 817 1034 quippe
875 955 965 1017 ad
1007 972 1199 1016 veros
1243 955 1464 1016 hostes
1510 961 1905 1033 perventum
1945 962 2107 1033 erat,
2151 962 2215 1017 et
2255 975 2476 1018 armo-

379 1072 531 1116 rum
571 1073 806 1135 genere
849 1060 913 1116 et
953 1071 1082 1116 usu
1123 1054 1396 1115 militiae
1439 1060 1505 1116 et
1545 1054 1730 1116 fama
1770 1072 1993 1116 rerum
2032 1062 2369 1134 gestarum
2408 1063 2473 1118 et

380 1154 838 1235 magnitudine
873 1154 978 1216 vel
1010 1153 1151 1232 spei
1185 1154 1290 1215 vel
1327 1154 1598 1232 periculi
1634 1172 1845 1232 pares,
1936 1154 2065 1216 Sed
2099 1160 2163 1217 et
2192 1173 2472 1218 numero

379 1255 677 1335 superior
709 1255 1054 1316 Romanus
1087 1259 1228 1316 erat
1261 1260 1324 1316 et
1357 1254 1606 1332 animo,
1646 1254 1824 1333 quod
1856 1254 1994 1315 iam
2026 1254 2301 1334 equiteS,
2335 1257 2473 1319 iam
2509 1272 2576 1323 13

380 1356 766 1435 elephantos
807 1354 1094 1432 fuderat,
1137 1353 1276 1415 iam
1321 1353 1535 1433 prima
1577 1354 1717 1416 acie
1764 1356 1954 1433 pulsa
1995 1354 2067 1415 in
2108 1357 2473 1418 secundam

381 1454 742 1534 pugnabat.
832 1454 1092 1516 XXXV.
1141 1456 1220 1515 In
1281 1460 1579 1533 tempore
1642 1454 1901 1516 Laelius
1955 1473 2033 1517 ac
2098 1456 2469 1535 Masinissa,
2506 1473 2537 1524 1

382 1555 602 1634 pulsos
647 1573 761 1634 per
800 1554 1222 1632 aliquantum
1261 1553 1460 1632 spatii
1501 1554 1707 1616 secuti
1750 1554 2026 1632 equites,
2068 1561 2470 1618 revertentes

375 1655 445 1714 in
464 1671 770 1716 aversam
790 1653 1084 1715 hostium
1105 1653 1318 1714 aciem
1338 1653 1692 1715 incurrere.
1785 1655 1849 1715 Is
1876 1655 2146 1716 demum
2167 1656 2470 1733 equitum

375 1754 663 1832 impetus
723 1753 998 1832 perculit
1053 1753 1334 1814 hostem.
1424 1753 1619 1814 Multi
1691 1752 2126 1815 circumventi
2196 1755 2266 1814 in
2327 1756 2467 1818 acie

376 1854 577 1931 caesi3
642 1853 836 1914 multi
906 1871 1020 1932 per
1072 1858 1410 1931 patentem
1459 1852 1633 1915 circa
1683 1871 2000 1932 campum
2046 1854 2208 1934 fuga
2256 1857 2468 1934 sparsi
2501 1873 2537 1924 2

374 1961 635 2016 tenente
680 1953 905 2014 omnia
945 1952 1248 2031 equitatu
1292 1952 1541 2030 passim
1579 1953 1988 2016 interierunt.
2079 1954 2469 2033 Carthagin-

374 2054 658 2115 iensium
705 2053 1167 2130 sociorumque
1218 2070 1409 2114 caesa
1457 2070 1536 2114 eo
1584 2052 1684 2113 die
1728 2070 1930 2131 supra
1974 2053 2207 2134 viginti
2254 2055 2466 2132 milia3
2498 2075 2535 2126 3

377 2172 495 2232 par
549 2154 754 2214 ferme
810 2169 1127 2213 numerus
1166 2158 1401 2229 captus
1441 2169 1596 2213 cum
1634 2152 1835 2230 signis
1876 2152 2273 2216 militaribus
2308 2172 2463 2216 cen-

335 2261 518 2316 .tum
565 2253 836 2331 triginta
880 2252 1162 2329 duobuS,
1208 2251 1580 2329 elephantis
1619 2253 1951 2315 undecim.
2042 2255 2335 2316 Victores
2376 2256 2465 2317 ad

372 2355 549 2415 mille
584 2360 649 2415 et
689 2352 1082 2432 quingentos
1116 2351 1430 2414 cecidere.

540 2452 882 2515 Hannibal
948 2468 1104 2513 cum
1171 2451 1399 2530 paucis
1464 2452 1801 2531 equitibus
1866 2453 2037 2516 inter
2100 2456 2466 2517 tumultum
2497 2474 2534 2527 4

371 2555 636 2632 elapsus
674 2553 1170 2614 Hadrumetum
1213 2551 1521 2630 perfugit,
1564 2553 1789 2615 omnia
1845 2559 1911 2615 et
1964 2554 2219 2634 integro
2278 2573 2467 2633 proe-

369 2654 458 2715 lio
542 2660 608 2715 et
689 2652 1050 2715 inclinante
1118 2651 1282 2729 acie,
1353 2652 1744 2730 priusquam
1808 2656 2147 2716 excederet
2218 2673 2461 2734 pugna,
2496 2680 2531 2730 5

371 2760 676 2832 expertus
709 2757 775 2814 et
809 2752 1218 2841 confessione
1253 2752 1456 2814 etiam
1490 2752 1815 2830 Scipionis
1850 2754 2279 2833 omniumque
2319 2774 2464 2834 per-

369 2853 616 2915 itorum
694 2852 967 2914 militiae
1024 2852 1210 2914 illam
1262 2853 1534 2914 laudem
1589 2855 1893 2932 adeptuS,
1951 2853 2265 2933 singulari
2321 2863 2461 2918 arte

370 2953 582 3015 aciem
635 2970 714 3014 eo
772 2953 873 3013 die
929 2952 1340 3014 instruxisse:
1387 2952 1775 3030 elephantos
1829 2953 1899 3013 in
1956 2954 2168 3032 prima
2220 2954 2459 3034 fronte,
2494 2979 2531 3030 6

375 3070 656 3131 quorum
703 3051 1016 3114 fortuitus
1061 3052 1350 3130 impetus
1396 3059 1597 3130 atque
1645 3052 2077 3114 intolerabilis
2125 3054 2226 3115 vis
2272 3055 2462 3134 signa

369 3152 556 3231 sequi
588 3157 654 3213 et
685 3168 948 3213 servare
983 3151 1267 3229 ordineS,
1287 3151 1358 3211 in
1394 3169 1524 3229 quo
1554 3153 1912 3229 plurimum
1944 3154 2083 3231 spei
2120 3162 2458 3232 ponerent,

368 3253 707 3313 Romanos
744 3250 1194 3329 prohiberent3
1232 3251 1465 3312 deinde
1500 3252 1849 3313 auxiliares
1883 3259 2036 3314 ante
2072 3253 2461 3333 Carthagin-
2494 3271 2529 3324 7

367 3352 650 3413 iensium
682 3350 915 3428 aciem,
949 3368 1030 3412 ne
1063 3351 1366 3412 homines
1397 3351 1587 3412 mixti
1620 3371 1697 3412 ex
1730 3353 2124 3414 conluvione
2158 3354 2459 3414 omnium

367 3453 685 3532 gentium,
745 3468 910 3530 quos
960 3468 1096 3512 non
1145 3452 1310 3512 fides
1360 3457 1632 3527 teneret,
1686 3453 1801 3512 sed
1853 3470 2123 3528 merceS,
2175 3453 2459 3514 liberum

367 3561 708 3632 receptum
739 3552 936 3630 fugae
970 3551 1313 3628 haberent,
1350 3550 1548 3612 simul
1587 3551 1873 3629 primum
1911 3553 2217 3613 ardorem
2256 3559 2456 3631 atque
2494 3565 2531 3615 8

418 3752 496 3795 11.
551 3757 771 3794 canere:
867 3747 1153 3798 frequently
1236 3748 1359 3788 used
1455 3756 1641 3798 proper
1661 3747 1837 3788 time.’‘

365 3819 584 3860 without
603 3827 669 3858 an
687 3815 952 3867 expressed
973 3815 1182 3863 subject.
1510 3815 1552 3856 ὗ.
1582 3814 1847 3858 militiae:
1869 3824 1979 3862 gen.
1994 3815 2117 3855 with
2129 3815 2453 3865 peritorum.

413 3884 617 3930 xxxv.
673 3885 719 3930 1.
776 3881 834 3928 ln
861 3881 1130 3938 temporo:
1162 3884 1247 3926 “at
1275 3883 1360 3926 the
1506 3881 1552 3924 7.
1609 3881 1961 3929 conluvionez
1991 3891 2073 3924 see
2099 3883 2160 3922 22.
2184 3883 2245 3922 43.
2266 3884 2303 3926 2.
