2967 4384
425 233 500 288 lv.
527 231 592 300 9]
1257 230 1490 286 mna
1522 215 1667 285 xxr
2443 233 2512 286 σι

430 402 584 467 dein
649 403 1030 483 graviorem
1099 402 1306 466 armis
1379 401 1701 482 peditem,
1751 402 1932 482 quod
1997 402 2265 482 virium,
2332 403 2512 484 quod

425 504 685 566 roboris
714 509 887 582 erat;
933 503 1005 563 in
1034 502 1351 564 cornibus
1381 502 1816 563 circumfudit
1850 503 2080 564 decem
2108 502 2295 563 milia
2324 504 2510 582 equi-

424 610 594 683 tum,
636 609 703 666 et
741 603 830 666 ab
872 602 1190 665 cornibus
1245 602 1316 662 in
1370 607 1730 681 utramque
1787 606 2047 682 partem
2090 601 2341 664 divisos
2380 603 2509 664 ele-

426 704 718 786 phantos
757 703 1015 766 statuit.
1109 703 1357 765 Consul
1397 703 1607 765 effuse
1648 701 1989 783 sequentis
2029 702 2311 782 equiteS,
2354 721 2509 765 cum
2538 709 2575 762 3

421 805 510 867 ab
559 803 1023 866 resistentibus
1071 802 1297 864 subito
1353 801 1662 864 Numidis
1718 801 1974 865 incauti
2021 802 2508 882 exciperentur,

421 905 614 983 signo
667 903 968 983 receptui
1027 903 1184 965 dato
1239 907 1592 965 revocatos
1647 901 2089 965 circumdedit
2147 901 2506 982 peditibuS.

421 1003 904 1083 Duodeviginti
941 1003 1128 1064 milia
1164 1003 1475 1064 Romana
1512 1007 1728 1080 erant,
1764 1001 2023 1064 socium
2057 1002 2349 1066 nominis
2386 1005 2507 1066 La-
2541 995 2580 1048 4

420 1103 544 1164 tini
580 1103 840 1183 viginti,
873 1101 1124 1166 auxilia
1160 1108 1504 1182 praeterea
1538 1103 2108 1182 Cenomanorum;
2154 1120 2233 1166 ea
2264 1103 2407 1168 sola
2436 1104 2509 1165 in
2590 1179 2598 1186 ,

417 1203 551 1265 fide
594 1208 937 1265 manserat
980 1202 1234 1264 Gallica
1275 1219 1460 1281 gens,
1552 1201 1643 1263 Iis
1685 1201 1895 1280 copiis
1939 1200 2343 1264 concursum
2384 1210 2506 1267 est.

419 1304 755 1367 Proelium
794 1321 836 1364 a
877 1302 1259 1365 Baliaribus
1311 1308 1538 1364 ortum
1575 1309 1704 1381 est;
1771 1302 2015 1382 quibus
2054 1320 2212 1365 cum
2252 1303 2508 1367 maiore
2540 1307 2577 1359 5

309 1419 314 1424 ·
414 1403 646 1466 robore
680 1401 976 1482 legiones
1021 1400 1443 1481 obsisterent,
1495 1400 1769 1464 diducta
1818 1418 2096 1481 propere
2140 1400 2212 1463 in
2251 1403 2505 1468 cornua

414 1503 476 1564 le
484 1502 586 1565 vis
603 1509 950 1566 armatura
969 1506 1092 1581 est,
1117 1520 1288 1582 quae
1311 1519 1416 1564 res
1435 1501 1681 1580 effecit,
1701 1506 1777 1566 ut
1794 1500 2139 1582 equitatus
2155 1502 2506 1568 Romanus

415 1602 752 1682 extemplo
786 1608 1156 1682 urgeretur.
1247 1603 1422 1665 Nam
1457 1620 1617 1664 cum
1654 1601 1767 1664 vix
1803 1601 1942 1663 iam
1981 1619 2098 1682 per
2134 1620 2205 1665 se
2241 1603 2503 1668 resiste·
2538 1605 2577 1657 6

414 1709 563 1765 rent
619 1703 850 1766 decem
899 1702 1176 1764 milibus
1229 1702 1537 1783 equitum
1610 1706 1929 1782 quattuor
1986 1702 2174 1766 milia
2227 1708 2293 1766 et
2342 1705 2503 1768 fessi

413 1801 689 1886 integris
726 1802 1083 1883 plerisque,
1121 1802 1346 1866 obruti
1379 1807 1539 1865 sunt
1570 1801 1849 1883 insuper
1886 1803 2070 1866 velut
2104 1806 2285 1867 nube
2320 1804 2503 1868 iacu-

412 1902 636 1966 lorum
679 1922 723 1966 a
771 1903 1155 1971 Baliaribus
1203 1902 1530 1968 coniecta.
1620 1902 1725 1966 Ad
1773 1902 1901 1966 hoc
1949 1903 2293 1984 elephanti
2339 1907 2501 1969 emi-
2536 1913 2574 1966 7

413 2009 646 2066 nentes
693 2003 782 2065 ab
831 2003 1145 2066 extremis
1193 2003 1537 2082 comibuS,
1584 2003 1777 2084 equis
1824 2003 2115 2068 maxime
2163 2023 2302 2067 non
2353 2006 2503 2070 visu

412 2105 616 2165 modo
657 2105 775 2166 sed
819 2105 1021 2166 odore
1062 2104 1331 2166 insolito
1374 2103 1642 2182 territiS,
1682 2104 1920 2182 fugam
1958 2105 2094 2167 late
2132 2104 2499 2170 faciebant.

415 2203 750 2267 Pedestris
798 2222 1024 2284 pugna
1070 2222 1191 2284 par
1230 2204 1476 2267 animis
1518 2204 1734 2284 magis
1782 2222 1988 2284 quam
2033 2205 2291 2268 viribus
2333 2214 2499 2287 erat,
2532 2209 2572 2262 8

416 2321 583 2385 quas
625 2303 910 2366 recentis
952 2307 1215 2367 Poenus
1260 2302 1462 2382 paulo
1503 2308 1661 2366 ante
1703 2303 1952 2366 curatis
1994 2304 2389 2384 corporibus
2429 2307 2500 2368 in

417 2404 745 2483 proelium
772 2404 1120 2483 attulerat3
1169 2411 1400 2466 contra
1434 2404 1661 2467 ieiuna
1693 2404 2010 2484 fessaque
2048 2423 2330 2486 corpora
2366 2408 2499 2470 Ro-

414 2503 634 2567 manis
680 2510 746 2566 et
791 2504 1076 2583 rigentia
1119 2505 1274 2583 gelu
1319 2505 1703 2584 torpebant.
1795 2505 2226 2568 Restitissent
2271 2512 2500 2570 tamen

412 2604 679 2683 animiS,
731 2604 787 2666 si
838 2623 994 2666 cum
1046 2605 1268 2684 pedite
1316 2605 1538 2667 solum
1584 2605 1759 2668 foret
1812 2603 2219 2686 pugnatum3
2264 2608 2384 2670 sed
2433 2613 2499 2671 et
2529 2619 2569 2672 9

410 2704 710 2767 Baliares
772 2705 964 2784 pulso
1021 2705 1247 2785 equite
1318 2704 1793 2785 iaculabantur
1848 2704 1920 2766 in
1975 2706 2189 2770 latera
2246 2713 2313 2770 et
2369 2708 2498 2772 ele-

415 2805 650 2883 phanti
694 2803 833 2866 iam
876 2804 948 2866 in
990 2804 1288 2867 mediam
1335 2805 1639 2883 peditum
1682 2805 1897 2867 aciem
1941 2823 2085 2868 sese
2130 2806 2499 2873 intulerant

399 2910 474 2966 et
507 2906 705 2982 Mago
739 2904 1231 2984 Numidaeque,
1267 2903 1470 2966 simul
1534 2904 1830 2966 latebras
1864 2922 2101 2968 eorum
2132 2906 2497 2987 inprovida
2530 2901 2543 2908 ”

458 3083 564 3129 LV.
632 3085 681 3131 2.
752 3085 845 3130 ab:
929 3084 1238 3136 “extending
1313 3087 1406 3125 out
1498 3085 1655 3126 sitlon
1672 3086 1728 3127 of
1745 3086 1830 3127 the
1842 3087 2114 3130 numerals.
2160 3087 2319 3136 fessi:
2340 3101 2405 3133 sc.
2426 3101 2496 3133 re-

410 3153 594 3193 trom.”
660 3149 720 3193 ab
755 3151 1004 3194 indicates
1030 3153 1116 3193 the
1167 3151 1314 3204 point
1350 3152 1406 3192 ot
1497 3152 1727 3193 sisterent.
1788 3154 1961 3198 velut:
2007 3157 2095 3196 the
2138 3160 2408 3209 metaphor
2448 3159 2496 3200 13

408 3219 690 3270 departure.
1498 3223 1591 3261 not.
1607 3229 1664 3261 so
1681 3229 1915 3262 common
1944 3220 1999 3262 ln
2024 3222 2179 3263 Latin
2201 3235 2259 3265 as
2275 3226 2332 3267 in
2365 3226 2498 3277 Eng-

458 3287 504 3331 8.
557 3284 835 3338 receptui:
856 3285 1029 3328 dative
1046 3287 1101 3327 ot
1116 3294 1350 3337 purpose.
1497 3286 1618 3334 listi:
1671 3287 1829 3328 hence
1877 3289 1966 3329 the
2015 3291 2304 3340 apologetio
2352 3292 2493 3334 velut.

456 3355 507 3398 4.
560 3351 796 3397 socium:
850 3362 934 3394 see
975 3353 1040 3394 17.
1067 3354 1105 3393 2.
1159 3350 1405 3396 nominis
1499 3352 1774 3398 conlecta:
1803 3355 1870 3403 by
1896 3355 2139 3406 enallage,
2161 3367 2337 3408 agrees
2366 3361 2496 3403 with

406 3417 612 3463 Latini:
631 3429 662 3460 a
673 3418 900 3470 politic-al
911 3420 1086 3460 rather
1100 3419 1228 3460 than
1245 3427 1277 3459 a
1294 3427 1404 3468 geo·
1498 3418 1616 3458 nube
1632 3421 1808 3460 rather
1822 3421 1950 3460 than
1964 3419 2251 3464 iaculorum.

407 3485 670 3536 graphloal
746 3484 1088 3536 designatam,
1151 3483 1404 3536 implying
1548 3486 1595 3528 8.
1652 3493 1813 3537 quas:
1832 3485 1903 3527 its
1915 3489 2212 3530 antecedent,
2240 3489 2285 3532 is
2299 3491 2492 3534 viribus.

406 3551 645 3602 qualiued
665 3551 866 3592 Roman
882 3549 1200 3601 citizenship.
1501 3554 1528 3571 ‘⁴
1542 3550 1643 3592 For
1726 3552 1813 3592 the
1902 3552 2296 3604 carthagimans
2396 3560 2494 3601 had

458 3618 502 3663 Β.
556 3625 703 3670 quae
733 3625 846 3662 res:
887 3616 1024 3658 “this
1041 3618 1370 3659 maneuver.”
1498 3627 1640 3659 come
1689 3617 1745 3659 in
1798 3619 1885 3660 the
1953 3621 2209 3664 rreslmess
2258 3625 2314 3665 ot
2364 3627 2497 3668 their

454 3684 504 3730 6.
557 3683 830 3736 quattuor
871 3682 1055 3727 milla:
1095 3684 1248 3734 “only
1285 3685 1404 3724 tour
1498 3686 1786 3735 strength.”

407 3751 710 3792 thousand.”
763 3751 866 3791 The
902 3749 1058 3792 Latin
1091 3751 1404 3801 emphasizes
1548 3753 1597 3797 9.
1652 3751 1927 3798 latebras:
1979 3757 2229 3804 governed
2282 3760 2348 3809 by
2408 3761 2496 3802 the

408 3818 494 3860 the
509 3816 762 3872 disparity
780 3816 836 3857 in
853 3817 1096 3860 numbers
1120 3817 1186 3867 by
1206 3818 1291 3859 the
1319 3827 1402 3870 po-
1499 3819 1813 3872 prepositlon
1830 3820 1885 3860 in
1898 3821 2208 3870 praeterlata.
