2967 4384
379 255 477 312 liv.
503 254 563 322 3]
653 259 656 264 ’
1211 249 1444 306 LIBER
1474 250 1622 304 m
2399 252 2471 306 49

389 445 594 507 quam
642 426 948 489 consules
993 428 1291 502 acturos;
1340 440 1497 484 cum
1540 422 1819 485 alterius
1865 423 2237 502 ingenium,
2281 425 2470 487 fama
2506 438 2543 490 8

389 527 596 607 priuS,
655 525 893 588 deinde
947 543 1017 587 re
1072 524 1439 602 cognitum,
1499 523 1827 602 percitum
1879 541 1961 586 ac
2028 524 2219 586 ferox
2272 525 2472 587 sciret

385 645 528 691 esse
577 625 1003 705 ferociusque
1051 624 1314 686 factum
1369 640 1688 702 prospero
1747 640 1904 685 cum
1964 624 2471 702 praedatoribus

383 727 523 790 suis
564 724 929 788 certamine
971 723 1292 802 crederet,
1335 723 1571 786 adesse
1613 723 1947 802 gerendae
1989 722 2084 786 rei
2122 724 2472 787 fortunam

383 825 570 889 haud
597 825 963 888 diffidebat.
1054 823 1259 886 Cuius
1279 840 1365 885 ne
1391 823 1574 904 quod
1599 822 2158 902 praetermitteret
2180 830 2470 904 tempuS,
2507 839 2544 890 9

384 925 707 989 sollicitus
767 924 1204 1005 intentusque
1264 929 1431 1001 erat,
1501 923 1664 987 dum
1726 923 1856 987 tiro
1919 924 2217 988 hostium
2279 925 2471 988 miles

385 1032 580 1106 esset,
611 1026 772 1088 dum
794 1024 1141 1087 meliorem
1165 1041 1247 1086 ex
1276 1024 1560 1086 ducibus
1583 1024 1895 1086 inutilem
1923 1025 2170 1089 vulnus
2192 1025 2469 1106 faceret,

390 1126 551 1189 dum
583 1127 926 1189 Gallorum
951 1123 1164 1187 animi
1197 1123 1519 1203 vigerent,
1551 1143 1839 1204 quorum
1871 1125 2214 1204 ingentem
2244 1127 2468 1189 multi·
2505 1134 2576 1185 1ο

385 1226 693 1288 tudinem
729 1224 985 1288 sciebat
1022 1223 1292 1304 segnius
1329 1231 1739 1304 secuturam,
1783 1232 2038 1306 quanto
2075 1226 2341 1305 longius
2380 1228 2472 1290 ab

391 1326 590 1389 domo
618 1325 1063 1389 traherentur.
1155 1326 1326 1387 Cum
1353 1325 1440 1387 ob
1468 1326 1635 1387 haec
1664 1325 1962 1407 taliaque
1989 1332 2288 1406 speraret
2320 1345 2468 1406 pro-
2506 1317 2578 1389 11

390 1426 722 1507 pinquum
780 1431 1119 1489 certamen
1176 1431 1242 1488 et
1296 1425 1544 1505 facere,
1602 1425 1659 1487 si
1717 1432 2113 1505 cessaretur,
2173 1434 2470 1507 cuperet,

386 1526 973 1606 speculatoresque
1023 1525 1217 1604 Galli,
1264 1524 1355 1588 ad
1403 1543 1482 1588 ea
1531 1526 1969 1605 exploranda,
2024 1544 2196 1606 quae
2248 1528 2471 1606 vellet,
2546 1539 2551 1544 ’

387 1626 690 1706 tutioreS,
749 1626 906 1707 quia
959 1625 1030 1687 in
1084 1625 1388 1706 utrisque
1441 1626 1679 1688 castris
1731 1626 2142 1705 militabant,
2204 1633 2473 1706 paratos

391 1744 654 1807 pugnae
680 1744 824 1789 esse
841 1728 1185 1789 Romanos
1203 1725 1639 1805 rettulissent,
1656 1725 1884 1789 locum
1909 1726 2169 1790 insidiis
2191 1727 2473 1791 circum-

385 1833 688 1907 spectare
711 1830 974 1890 Poenus
997 1844 1112 1889 coe
1122 1826 1238 1906 pit.
1331 1826 1495 1889 LIV.
1543 1827 1706 1888 Erat
1727 1826 1801 1888 in
1823 1826 2047 1890 medio
2070 1827 2257 1890 rivus
2285 1847 2472 1908 prae-
2509 1835 2543 1885 1

386 1927 540 1990 altis
574 1926 915 2007 utrimque
949 1927 1216 1989 clausus
1251 1925 1414 2005 ripis
1448 1931 1516 1988 et
1549 1925 1727 1988 circa
1763 1926 2022 1989 obsitus
2061 1928 2473 2014 palustribus

387 2026 612 2090 herbis
668 2032 757 2106 et,
819 2026 1062 2107 quibus
1116 2025 1373 2088 inculta
1426 2026 1641 2088 ferme
1704 2026 2105 2106 vestiuntur,
2167 2028 2473 2107 virgultis

390 2127 865 2208 vepribusque.
957 2128 1170 2206 Quem
1210 2126 1328 2188 ubi
1368 2125 1628 2206 equites
1674 2145 1941 2207 quoque
1983 2129 2269 2206 tegendo
2311 2129 2474 2192 satis

386 2228 802 2291 latebrosum
833 2227 1058 2290 locum
1085 2226 1576 2290 circumvectus
1603 2226 1748 2305 ipse
1777 2227 1987 2290 oculis
2019 2228 2473 2309 perlustravit,

388 2328 539 2391 ‘Hic
581 2329 705 2391 erit
755 2318 990 2407 locus’,
1033 2326 1304 2406 Magoni
1352 2326 1549 2389 fratri
1589 2326 1687 2390 ait
1730 2328 1959 2407 ‘quem
2001 2333 2253 2392 teneas,
2345 2332 2472 2392 De·
2507 2340 2544 2390 2

385 2429 516 2508 lige
560 2433 876 2492 centenos
923 2427 1101 2491 viros
1145 2445 1226 2490 ex
1269 2425 1456 2489 omni
1505 2426 1727 2506 pedite
1772 2433 1977 2507 atque
2021 2429 2270 2509 equite,
2317 2448 2474 2492 cum

392 2529 636 2610 quibus
684 2529 774 2592 ad
824 2547 933 2592 me
976 2527 1202 2608 vigilia
1246 2526 1462 2607 prima
1506 2527 1767 2607 venias3
1814 2545 1995 2590 nunc
2036 2547 2318 2608 corpora
2360 2549 2473 2592 cu-

387 2647 535 2693 rare
575 2634 841 2710 tempus
881 2630 1027 2693 est.’
1117 2630 1223 2690 Ita
1267 2626 1681 2708 praetorium
1721 2627 2027 2692 missum.
2118 2631 2275 2692 Mox
2318 2649 2474 2693 cum
2508 2636 2544 2687 3

393 2729 662 2792 delectis
705 2731 903 2809 Mago
945 2729 1202 2793 aderat.
1295 2727 1593 2789 ‘Robora
1640 2727 1941 2790 virorum
1984 2731 2207 2791 cemo’
2252 2729 2474 2810 inquit

389 2830 762 2910 Hanniba13
810 2829 951 2892 ‘sed
1003 2828 1102 2892 uti
1154 2844 1438 2890 numero
1492 2827 1723 2907 etiam,
1776 2845 1917 2890 non
1967 2828 2214 2891 animis
2267 2831 2472 2892 modo

393 2930 694 3009 valeatiS,
730 2929 975 3009 singuli
1013 2928 1205 2992 vobis
1240 2944 1544 2990 novenos
1580 2945 1661 2990 ex
1697 2927 1936 2990 turmis
1972 2928 2473 3009 manipulisque

393 3030 595 3092 vestri
641 3030 889 3092 similes
935 3029 1177 3108 eligite.
1269 3029 1469 3106 Mago
1516 3028 1743 3091 locum
1789 3029 2217 3107 monstrabit,
2274 3049 2471 3109 quem

389 3130 762 3192 insideatis:
809 3128 1070 3192 hostem
1115 3147 1390 3192 caecum
1434 3129 1523 3190 ad
1569 3129 1692 3191 has
1740 3129 1895 3192 belli
1936 3135 2114 3193 artes
2159 3131 2473 3194 habetis)

440 3313 488 3357 8.
541 3309 806 3356 ferocius:
849 3311 1008 3352 refers
1040 3313 1094 3352 to
1128 3309 1378 3361 incenium.
1477 3308 1583 3350 tive
1616 3311 1806 3360 clause;
1840 3311 2037 3353 “which
2062 3322 2165 3363 you
2192 3321 2278 3354 are
2308 3317 2364 3354 to
2398 3323 2473 3355 oc-

440 3380 488 3424 9.
541 3379 725 3424 culus:
759 3377 830 3420 its
871 3379 1168 3420 antecedent
1201 3377 1247 3418 is
1271 3378 1382 3428 sor·
1474 3379 1658 3429 cupy.’‘
1708 3386 1947 3430 corpora
1990 3387 2212 3425 curare:
2268 3383 2358 3422 “to
2401 3391 2473 3422 re-

391 3445 570 3486 mmam.
1475 3446 1614 3486 fresh
1632 3445 1975 3497 yourselves.'’

442 3514 522 3558 11.
574 3511 780 3557 faeere:
799 3511 876 3552 Le.
899 3514 954 3552 to
983 3512 1119 3552 force
1147 3520 1179 3553 a
1205 3511 1378 3552 battle.
1528 3511 1574 3556 8.
1629 3510 1997 3562 praetorium:
2034 3513 2156 3554 used
2191 3514 2258 3565 by
2282 3519 2474 3556 meton-

441 3579 569 3621 LIV.
627 3580 673 3623 1.
727 3577 948 3630 equites
967 3586 1204 3628 quoque:
1227 3581 1383 3617 “even
1475 3588 1597 3628 ymy
1631 3578 1687 3617 ot
1722 3579 1809 3618 the
1844 3579 2060 3627 council‚
2079 3579 2243 3620 which
2279 3587 2383 3621 met
2418 3583 2473 3622 ln

393 3647 478 3687 the
493 3646 750 3696 cavalry.”
799 3646 903 3686 'Phe
922 3645 1210 3686 accusative
1229 3654 1285 3684 as
1303 3645 1384 3684 ob·
1476 3645 1563 3684 the
1604 3644 1853 3694 general’s
1896 3647 2021 3685 tent.
2076 3645 2327 3690 nussum:
2361 3648 2471 3687 :di-

391 3711 494 3762 :lect
508 3713 563 3753 ot
580 3714 666 3753 the
690 3710 861 3753 dative
885 3712 942 3752 ot
967 3713 1054 3752 the
1078 3711 1271 3761 gerund
1289 3711 1334 3752 is
1353 3720 1384 3752 a
1475 3711 1669 3750 missum
1696 3710 1822 3762 (esc).
1894 3710 2100 3756 turmis
2137 3713 2470 3762 manipulis-

392 3779 883 3821 rareconstruction.
1477 3786 1604 3828 que:
1641 3777 1889 3819 divisions
1925 3778 1980 3817 ot
2014 3779 2101 3819 the
2129 3780 2336 3828 cavalry
2372 3780 2472 3821 and

443 3847 493 3892 2.
543 3845 761 3891 teneas:
795 3855 826 3887 a
857 3843 1246 3886 determinative
1263 3843 1384 3885 voli·
1477 3845 1721 3897 infantry.
1778 3843 2095 3889 insidentis:
2117 3846 2177 3886 cl.
2201 3845 2369 3886 teneas.
