2967 4384
481 259 556 311 24
1402 262 1470 314 τ.
1505 261 1672 315 uvt
2384 265 2523 331 [xxi.
2552 264 2585 314 1

416 443 447 493 1
596 377 830 491 xlm·
880 431 1215 492 Hannibal
1263 431 1556 510 Sagunto
1596 437 1791 510 capto
1829 432 2300 512 Carthaginem
2325 434 2583 494 Novam

480 530 553 590 in
584 530 860 593 hiberna
889 537 1321 609 concesserat,
1346 531 1569 610 ibique
1599 532 1861 610 auditiS,
1900 549 2067 610 quae
2100 532 2354 594 Romae
2381 550 2583 612 quae-

488 647 614 709 que
650 629 1047 709 Carthagine
1079 636 1230 692 acta
1259 630 1651 709 decretaque
1675 631 1915 708 forent,
1947 649 2015 693 se
2025 649 2150 710 que
2181 649 2319 693 non
2349 633 2585 694 ducem

413 745 449 795 2
481 729 703 791 solum
734 730 847 791 sed
877 731 1079 791 etiam
1111 748 1383 792 causam
1422 749 1561 792 esse
1594 731 1770 808 belli,
1801 730 2060 809 partitis
2101 731 2581 809 divenditisque

480 829 775 907 reliquiis
819 830 1098 907 praedae
1147 829 1312 890 nihil
1357 830 1538 892 ultra
1583 831 2019 892 differendum
2062 836 2248 892 ratus
2301 830 2583 909 Hispani

412 946 448 997 3
481 928 738 1007 generis
769 929 1012 990 milites
1059 934 1401 991 convocat.
1504 930 1731 991 ‘Credo
1762 948 1883 1009 ego
1910 931 2075 1007 voS,’
2107 930 2327 1009 inquit
2376 930 2581 1008 ‘socii,

482 1034 547 1089 et
579 1029 754 1107 ipsos
784 1046 1070 1105 cernere,
1101 1028 1354 1106 pacatis
1402 1029 1707 1090 omnibus
1751 1029 2113 1107 Hispaniae
2165 1029 2427 1108 populis
2468 1036 2585 1091 aut

479 1128 846 1189 finiendam
890 1127 1079 1189 nobis
1126 1127 1437 1189 militiam
1483 1128 1938 1207 exercitusque
1970 1128 2394 1192 dimittendos
2441 1147 2581 1191 esse

409 1240 447 1291 4
467 1235 598 1289 aut
628 1228 698 1287 in
731 1228 896 1289 alias
938 1233 1147 1289 terras
1192 1228 1726 1289 transferendum
1770 1228 2049 1306 bellum;
2104 1228 2204 1289 ita
2230 1229 2409 1290 enim
2452 1229 2580 1291 hae

479 1333 708 1406 gentes
738 1346 874 1388 non
920 1328 1101 1405 pacis
1131 1327 1349 1388 solum
1395 1328 1508 1388 sed
1560 1327 1762 1389 etiam
1789 1327 2104 1389 victoriae
2152 1328 2343 1389 bonis
2386 1328 2581 1390 flore-

479 1427 668 1504 bunt,
699 1426 756 1488 si
785 1445 865 1488 ex
897 1426 1042 1487 aliis
1072 1426 1376 1506 gentibus
1406 1427 1721 1505 praedam
1752 1433 1816 1488 et
1847 1427 2129 1506 gloriam
2164 1444 2578 1506 quaeremus.

409 1536 442 1586 5
479 1527 715 1604 Itaque
750 1543 905 1587 cum
934 1526 1300 1603 longinqua
1331 1543 1372 1586 a
1402 1527 1599 1588 domo
1629 1526 1829 1587 instet
1859 1526 2100 1587 militia
2120 1526 2580 1604 incertumque

478 1625 586 1702 sit,
626 1627 888 1704 quando
920 1625 1161 1687 domos'
1177 1631 1431 1687 vestras
1481 1631 1545 1686 et
1599 1642 1765 1703 quae
1798 1625 2037 1704 cuique
2084 1625 2176 1686 ibi
2223 1643 2381 1686 cara
2426 1631 2581 1687 sunt

478 1725 684 1786 visuri
730 1725 894 1802 sitis,
926 1725 982 1786 si
1036 1725 1181 1804 quis
1209 1730 1507 1786 vestrum
1545 1742 1700 1786 suos
1746 1723 2025 1786 invisere
2052 1725 2215 1802 volt,
2248 1742 2581 1786 commea-

273 1831 360 1935 >
410 1843 446 1901 s
481 1832 631 1887 tum
658 1825 762 1886 do.
842 1825 1064 1887 Primo
1089 1842 1242 1887 vere
1273 1824 1457 1886 edico
1489 1823 1737 1901 adsitis,
1761 1829 1836 1884 ut
1859 1823 1981 1885 diis
2011 1824 2173 1885 bene
2200 1824 2581 1886 iuvantibus

424 1925 736 1994 ssbellum
763 1924 1048 2004 ingentis
1081 1924 1326 2004 gloriae
1367 1925 1648 2002 praedae
1657 1940 1781 2001 que
1810 1923 2114 1984 futurum
2142 1923 2579 2002 incipiamus)

407 2030 443 2080 7
494 2024 812 2086 Omnibus
858 2025 991 2086 fere
1031 2024 1282 2086 visendi
1324 2024 1555 2085 domos
1597 2022 1821 2084 oblata
1862 2024 2036 2084 ultro
2073 2029 2363 2102 potestas
2392 2030 2585 2103 grata

477 2130 640 2202 erat,
687 2130 752 2185 et
796 2125 933 2185 iam
978 2124 1496 2185 desiderantibus
1542 2141 1697 2185 suos
1743 2129 1809 2185 et
1852 2123 2115 2203 longius
2159 2123 2231 2184 in
2276 2125 2582 2186 futurum

407 2233 444 2285 8
476 2224 968 2304 providentibus
1028 2223 1441 2286 desiderium.
1551 2223 1676 2284 Per
1733 2229 1951 2284 totum
2010 2229 2273 2301 tempus
2341 2224 2579 2285 hiemis

482 2325 666 2404 quies
698 2324 870 2386 inter
900 2323 1156 2386 labores
1193 2329 1309 2385 aut
1339 2324 1477 2384 iam
1524 2324 1879 2385 exhaustos
1916 2329 2034 2385 aut
2079 2341 2236 2384 mox
2269 2323 2577 2385 exhauri-

476 2426 678 2487 endos
709 2424 1053 2485 renovavit
1085 2441 1361 2501 corpora
1394 2422 1785 2500 animosque
1819 2423 1903 2484 ad
1950 2421 2177 2484 omnia
2214 2424 2291 2484 de
2323 2422 2577 2502 integro

474 2524 804 2603 patienda.
886 2524 1050 2585 Vere
1081 2522 1294 2601 primo
1327 2523 1411 2584 ad
1440 2522 1735 2584 edictum
1765 2540 2151 2585 convenere.

405 2617 442 2670 9
646 2623 1004 2701 Hannibal,
1038 2640 1192 2684 cum
1238 2622 1672 2684 recensuisset
1718 2622 2020 2683 omnium
2056 2623 2356 2702 gentium
2386 2621 2574 2683 auxi-

472 2725 586 2802 lia,
643 2725 838 2786 Gadis
886 2724 1220 2802 profectus
1266 2720 1537 2783 Herculi
1587 2727 1747 2783 vota
1808 2723 2085 2784 exsolvit
2136 2723 2459 2801 novisque
2508 2741 2577 2784 se

475 2825 724 2905 obligat
751 2825 948 2902 votiS,
979 2823 1036 2885 si
1075 2828 1295 2894 cetera
1323 2839 1635 2899 prospera
1664 2822 2057 2884 evenissent.
2078 2807 2123 2861 >³

383 2943 466 3011 Ns

475 3056 614 3100 XXI.
636 3057 759 3100 1.-9.
787 3054 953 3098 XXII.
974 3053 1236 3098 5.·XX1v.
1261 3052 1304 3095 1.
1333 3051 1474 3095 Han-

615 3123 767 3166 nibal
792 3123 1055 3173 Prepares
1079 3121 1163 3163 for
1189 3121 1332 3162 War.

522 3190 660 3231 XXI.
707 3191 754 3254 I.
799 3188 1034 3233 auditis:
1061 3186 1220 3228 soii&
1267 3185 1473 3230 forent:

479 3256 689 3296 :oscena
754 3263 1007 3299 se—esse:
1075 3253 1244 3293 oratio
1269 3252 1476 3301 obliqua

472 3325 663 3372 loosely
675 3321 948 3363 connected
965 3319 1091 3361 with
1104 3317 1293 3365 auditis,
1309 3319 1476 3358 which

472 3391 519 3431 is
540 3395 592 3430 to
610 3391 671 3430 be
686 3388 928 3429 rendered
948 3386 1178 3435 actively.
1217 3383 1476 3434 “Hearing

474 3459 591 3498 that,
617 3457 680 3496 he
708 3465 814 3496 was
842 3455 930 3494 the
957 3456 1159 3504 pretext.
1185 3461 1243 3492 as
1271 3451 1384 3491 well
1418 3460 1476 3491 as

474 3525 560 3564 the
577 3523 744 3563 leader
761 3523 814 3561 or
834 3521 918 3561 the
935 3520 1090 3561 war.'’

524 3590 572 3634 ⁸.
627 3597 726 3632 vos
754 3587 812 3631 et
839 3587 1014 3638 ipsos:
1046 3588 1179 3637 “you
1206 3594 1264 3625 as
1282 3583 1392 3626 well
1419 3594 1476 3624 as

472 3659 572 3768 L*-
623 3721 804 3767 bonis:
867 3719 1200 3762 substantive.
1292 3716 1476 3761 visuri

473 3790 624 3834 eltis:
655 3791 742 3830 the
775 3788 896 3838 only
920 3795 1031 3836 way
1060 3787 1114 3826 ot
1130 3785 1391 3836 stamplng
1409 3793 1478 3826 an

474 3857 689 3900 indit-eet
705 3855 942 3898 question
963 3864 1020 3894 as
1039 3854 1224 3892 tuturo.

1628 3054 1674 3097 6.
1730 3052 1956 3099 adsitis:
1976 3064 2009 3096 a.
2026 3053 2234 3096 volitive
2252 3055 2422 3096 clause
2438 3055 2581 3096 with·

1576 3124 1669 3160 out
1689 3122 1775 3161 the
1793 3123 1977 3162 formal
1992 3122 2060 3169 ut,
2075 3124 2160 3162 the
2178 3122 2346 3171 object,
2364 3124 2417 3162 or
2434 3122 2575 3162 edico.

1579 3185 1793 3237 gloriae
1854 3187 2223 3240 praedaeque:
2276 3189 2582 3240 descriptlve

1577 3253 1833 3304 predicate
1850 3255 2111 3304 genitives.

1629 3321 1677 3364 7.
1732 3318 2090 3364 desiderium:
2121 3321 2577 3368 “homesickness‚'’

1580 3386 1891 3437 “toreseeing
1935 3397 1965 3428 a.
2001 3396 2141 3428 more
2177 3389 2456 3439 prolonged
2500 3390 2580 3429 ab-

1577 3461 1723 3493 sence
1739 3454 1853 3492 that.
1870 3462 1977 3493 was
1998 3457 2051 3494 to
2069 3453 2291 3494 tollow.’·

1631 3520 1677 3562 8.
1731 3518 2161 3563 exhauriendos:
2211 3523 2369 3560 “soon
2420 3523 2476 3560 to
2519 3522 2581 3562 be

1577 3585 1848 3624 endured.”
1899 3585 2001 3625 The
2045 3587 2218 3626 future
2260 3587 2482 3637 opposed
2528 3591 2580 3628 to

1579 3653 1665 3691 the
1683 3655 1801 3702 past.
1816 3649 2077 3692 eaehaustoe.

1630 3719 1677 3761 9.
1730 3717 2070 3762 evenissent:
2118 3727 2149 3758 a
2180 3719 2355 3759 future
2388 3720 2581 3769 perfect

1580 3786 1713 3824 from
1749 3785 1835 3824 the
1876 3787 1995 3834 past.
2028 3785 2175 3836 point.
2215 3787 2271 3826 ot
2304 3786 2446 3827 view.
2497 3785 2576 3828 Cr.

1581 3850 1791 3890 iussis-oet
1816 3852 1873 3890 12.
1894 3851 1932 3891 5.
