2967 4384
394 213 616 268 xxxvii.
643 211 702 280 3]
1234 208 1465 266 LIBER
1503 209 1673 264 XXX
1928 215 1934 222 '
2382 209 2484 268 1⁴71

396 391 538 447 tam
571 383 888 446 noscendi
923 383 994 459 in
1033 383 1404 463 praesentia
1445 401 1649 462 quam
1699 383 1988 445 terrendi
2039 384 2248 447 hostis
2284 402 2487 448 causa

401 490 750 562 provectus
804 484 1088 561 Uticam,
1144 483 1379 544 eodem
1431 489 1497 544 et
1551 483 1827 545 Octavio
1880 490 2215 561 revocat0,
2268 485 2485 547 rediit.

396 584 558 646 Inde
603 583 1109 662 procedentibus
1150 583 1238 644 ad
1278 584 1602 661 Tynetem
1640 583 1913 644 nuntius
1955 584 2197 645 allatus
2236 584 2490 645 Vermi-
2524 587 2559 637 7

396 701 556 745 nam
584 683 910 763 Syphacis
939 682 1153 744 filium
1183 701 1338 744 cum
1367 682 1703 760 equitibus
1738 682 2035 760 pluribus
2072 701 2274 761 quam
2307 684 2491 762 pedi-

395 783 574 862 tibus
624 783 848 844 venire
897 781 1551 872 Carthaginiensibus
1601 781 1868 844 auxili0.
1958 783 2118 844 Pars
2168 783 2488 845 exercitus
2522 788 2560 838 8

399 900 553 943 cum
607 883 789 943 omni
844 883 1146 960 equitatu
1200 899 1441 961 agmen
1497 881 1808 960 adgressa
1861 881 2304 944 Numidarum
2356 883 2488 944 levi

396 982 752 1044 certamine
779 981 975 1043 fudit.
1065 981 1264 1043 Exitu
1295 999 1558 1059 quoque
1586 981 1781 1060 fugae
1810 981 2164 1043 intercluso
2191 983 2279 1044 ab
2306 982 2489 1043 omni

400 1089 582 1160 parte
630 1081 1054 1143 circumdatis
1101 1080 1436 1159 equitibus
1485 1081 1866 1158 quindecim
1909 1081 2094 1143 milia
2138 1082 2490 1143 hominum

399 1199 610 1258 caesa,
644 1181 822 1242 mille
857 1187 921 1242 et
958 1180 1222 1242 ducenti
1256 1180 1395 1241 vivi
1428 1179 1629 1258 capti,
1662 1186 1727 1242 et
1760 1181 1914 1258 equi
1946 1180 2277 1242 Numidici
2309 1181 2502 1243 mille-

400 1286 463 1341 et
490 1280 851 1358 quingenti,
875 1280 1064 1358 signa
1084 1279 1398 1342 militaria
1424 1279 1556 1340 duo
1578 1286 1641 1341 et
1664 1280 2106 1359 septuaginta.
2196 1281 2489 1360 Regulus
2522 1294 2559 1345 9

396 1379 534 1457 ipse
567 1380 738 1440 inter
768 1381 1134 1440 tumultum
1165 1396 1320 1440 cum
1354 1379 1582 1457 paucis
1615 1379 1866 1457 effugit.
1956 1381 2127 1440 Tum
2157 1380 2245 1441 ad
2277 1382 2490 1459 Tyne-

397 1487 534 1542 tem
571 1479 805 1541 eodem
864 1496 994 1557 quo
1052 1484 1252 1541 antea
1287 1480 1433 1540 loco
1473 1485 1691 1540 castra
1731 1479 1967 1558 posita,
2006 1480 2336 1559 legatique
2374 1481 2490 1542 tri-

397 1579 581 1658 ginta
633 1578 722 1639 ab
773 1577 1168 1656 Carthagine
1223 1578 1312 1639 ad
1375 1577 1753 1655 Scipionem
1805 1583 2150 1640 venerunt.
2238 1571 2344 1640 'Et
2396 1579 2490 1640 illi

403 1678 671 1756 quidem
698 1678 909 1739 multo
939 1676 1380 1739 miserabilius
1414 1694 1618 1755 quam
1646 1684 1865 1755 antea,
1902 1695 2030 1755 quo
2061 1677 2273 1756 magis
2303 1695 2491 1757 coge-

400 1777 513 1839 bat
547 1777 840 1853 fortuna,
878 1782 1182 1854 egerunt;
1225 1776 1341 1837 sed
1377 1776 1723 1854 aliquanto
1759 1777 2013 1839 minore
2050 1794 2206 1839 cum
2240 1778 2492 1839 miseri-

398 1878 623 1940 cordia
676 1877 764 1938 ab
818 1876 1063 1937 recenti
1115 1875 1438 1937 memoria
1496 1877 1807 1954 perfidiae
1861 1876 2073 1938 auditi
2126 1883 2301 1939 sunt.
2412 1879 2491 1937 In
2529 1888 2600 1940 10

399 1977 668 2039 consilio
721 1992 1133 2054 quamquam
1177 1975 1352 2037 iusta
1378 1975 1480 2037 ira
1510 1992 1741 2037 omnes
1786 1976 1874 2037 ad
1912 1976 2263 2039 delendam
2308 1977 2494 2038 stim·
2588 2048 2593 2054 Ι

397 2077 628 2139 ulabat
667 2075 1158 2153 Carthaginem,
1196 2080 1424 2136 tamen
1461 2091 1618 2136 cum
1652 2081 1718 2136 et
1760 2081 2010 2153 quanta
2065 2093 2168 2137 res
2207 2083 2375 2138 esset
2428 2083 2492 2138 et

404 2194 605 2256 quam
629 2174 810 2254 longi
855 2174 1173 2252 temporis
1220 2173 1478 2235 obsidio
1506 2180 1649 2235 tam
1704 2175 1999 2236 munitae
2054 2181 2117 2237 et
2158 2181 2302 2236 tam
2328 2176 2493 2238 vali-

403 2278 522 2339 dae
579 2275 764 2336 urbis
822 2279 1229 2353 reputarent,
1289 2279 1353 2335 et
1410 2274 1634 2352 ipsum
1691 2273 2072 2352 Scipionem
2127 2275 2494 2353 expectatio

399 2375 792 2438 successoris
818 2374 1081 2436 venturi
1105 2375 1194 2435 ad
1223 2381 1530 2452 paratam
1552 2373 1822 2435 alterius
1845 2374 2073 2436 labore
2097 2393 2177 2436 ac
2206 2375 2493 2453 periculo

397 2476 567 2538 finiti
610 2476 762 2537 belli
801 2473 1058 2537 famam
1097 2473 1503 2552 sollicitaret,
1544 2473 1632 2536 ad
1675 2491 1909 2552 pacem
1947 2475 2251 2535 omnium
2288 2475 2495 2536 animi

401 2577 572 2638 versi
627 2582 804 2638 sunt.
893 2574 1223 2636 XXXVII.
1270 2575 1541 2636 Postero
1602 2573 1705 2637 die
1759 2575 2087 2636 revocatis
2142 2576 2375 2654 legatis
2432 2583 2495 2638 et
2532 2585 2565 2636 1

401 2694 554 2737 cum
583 2677 797 2737 multa
827 2675 1257 2754 castigatione
1293 2674 1606 2752 perfidiae
1637 2675 1928 2752 monitiS‚
1958 2681 2035 2736 ut
2064 2680 2164 2737 tot
2194 2674 2495 2736 cladibus

402 2776 617 2837 edocti
648 2776 924 2837 tandem
958 2777 1114 2837 deos
1144 2781 1209 2837 et
1241 2774 1345 2836 ius
1376 2775 1741 2836 iurandum
1772 2793 1910 2838 esse
1944 2775 2305 2852 crederent,
2340 2793 2496 2836 con-

405 2875 692 2936 diciones
722 2875 902 2953 pacis
932 2875 1166 2953 dictae,
1192 2882 1268 2937 ut
1292 2875 1484 2937 liberi
1509 2875 1765 2954 legibus
1790 2875 1925 2937 suis
1954 2875 2283 2951 viverent;
2332 2891 2495 2953 quas
2531 2883 2566 2934 2

399 2975 598 3035 urbes
636 2991 933 3052 quosque
967 2992 1162 3053 agros
1199 2974 1571 3053 quibusque
1606 2975 1851 3036 finibus
1884 2981 2037 3036 ante
2076 2974 2323 3036 bellum
2353 2981 2497 3036 ten-

401 3075 674 3152 uissent,
719 3079 1040 3151 tenerent,
1090 3075 1589 3153 populandique
1632 3076 1835 3137 finem
1878 3091 1955 3136 eo
2005 3075 2106 3136 die
2151 3076 2495 3136 Romanus
2530 3086 2565 3138 3
2623 3094 2634 3115 ⁴

400 3174 677 3251 faceret3
724 3173 1033 3252 perfugas
1069 3173 1521 3252 fugitivosque
1559 3180 1624 3236 et
1660 3175 1961 3253 captivos
1999 3191 2228 3236 omnes
2264 3174 2498 3236 redde-

403 3279 548 3336 rent
584 3274 907 3335 Romanis
943 3279 1007 3334 et
1041 3291 1249 3334 naves
1284 3279 1603 3335 rostratas
1641 3281 1900 3353 praeter
1937 3274 2164 3336 decem
2198 3275 2497 3336 triremes

402 3375 740 3437 traderent
774 3372 1316 3450 elephantosque,
1358 3390 1523 3450 quos
1556 3373 1899 3450 haberent,
1939 3373 2243 3450 domitOS‚
2278 3391 2496 3452 neque

454 3561 501 3604 6.
555 3558 841 3606 noscendi:
884 3568 950 3600 sc.
991 3557 1110 3599 sicus
1149 3568 1208 3600 or
1241 3557 1397 3598 situm.
1498 3558 1783 3609 moditying
1827 3557 1976 3598 multo
2010 3556 2347 3601 miserabilius.
2401 3559 2495 3602 ab:

457 3627 504 3671 8.
555 3626 714 3672 exitu
757 3625 945 3677 lusae:
1001 3628 1208 3666 “means
1243 3626 1298 3665 ot
1332 3633 1402 3665 es-
1500 3624 1592 3664 has
1611 3634 1640 3665 a
1659 3625 1833 3666 causal
1851 3626 2000 3666 force.

405 3694 576 3744 capax·
1552 3691 1630 3734 10.
1676 3690 1912 3736 obsidio:
1943 3701 2011 3733 se.
2050 3690 2180 3735 esset.
2235 3690 2495 3735 alterius:

455 3760 503 3804 9.
553 3758 824 3811 Regulus:
853 3758 930 3800 1.e.
958 3757 1217 3799 Vermina.
1272 3765 1401 3809 quo:
1502 3757 1635 3804 here.
1653 3758 1707 3797 ot
1724 3767 1916 3805 course,
1935 3760 1988 3798 ot
2007 3757 2178 3808 Scipio
2197 3757 2411 3798 himself.

406 3827 707 3870 correlative
757 3825 886 3866 with
937 3834 1004 3866 an
1055 3825 1272 3866 omitted
1333 3833 1405 3870 eo.
