2967 4384
384 1219 456 1271 10
492 1211 697 1272 locat.

393 1720 460 1770 11
498 1709 850 1787 angustias
875 1709 1208 1770 facturuS.

473 240 546 296 32
1395 237 1462 294 ¹1¹.
1497 235 1662 294 mvl

409 429 446 480 8
487 429 691 491 quam
737 411 923 473 dictu
960 410 1291 489 foediora,
1338 417 1661 472 terrorem
1700 418 2141 473 renovarunt.

2308 238 2506 307 [xxxii.
2534 237 2573 295 8

2237 410 2483 488 Erigen
2492 410 2571 472 ti-

489 513 612 574 bus
663 512 732 571 in
786 511 1038 589 primos
1086 527 1333 588 agmen
1383 510 1594 572 clivos
1644 517 2112 588 apparuerunt
2162 510 2575 572 inminentes

491 613 786 678 tumulos
833 610 1204 672 insidentes
1248 609 1584 689 montani,
1635 609 1771 689 qui,
1817 610 1874 672 si
1920 610 2129 672 valles
2175 610 2577 672 occultiores

486 710 917 787 insedissent,
951 710 1166 772 coorti
1197 709 1287 771 ad
1323 727 1621 788 pugnam
1652 716 1930 787 repente
1962 709 2309 787 ingentem
2338 710 2577 787 fugam

413 817 451 868 9
488 816 919 888 stragemque
951 809 1314 871 dedissent.
1370 808 1717 871 Hannibal
1744 809 2108 871 consistere
2132 809 2325 888 signa
2349 810 2577 888 iussit;

495 911 835 989 Gallisque
887 909 975 971 ad
1031 909 1311 971 visenda
1360 910 1511 970 loca
1566 909 1947 988 praemissis
2001 916 2370 988 postquam
2421 927 2579 971 con-

495 1010 668 1089 perit
723 1009 1090 1071 transitum
1139 1026 1218 1071 ea
1269 1026 1407 1070 non
1457 1026 1624 1087 esse,
1678 1014 1899 1070 castra
1951 1007 2129 1071 inter
2181 1010 2579 1087 confragosa

494 1109 721 1171 omnia
778 1115 1280 1188 praeruptaque
1339 1126 1545 1187 quam
1598 1109 2067 1171 extentissima
2124 1115 2351 1188 potest
2406 1108 2581 1170 valle

793 1210 965 1271 Tum
999 1227 1112 1287 per
1140 1209 1415 1270 eosdem
1449 1210 1697 1285 Gallos,
1726 1208 1912 1270 haud
1941 1227 2104 1271 sane
2132 1211 2428 1271 multum
2455 1209 2581 1270 lin-

493 1328 626 1388 gua
653 1309 1090 1387 moribusque
1123 1309 1587 1387 abhorrenteS,
1616 1327 1772 1370 cum
1798 1327 1869 1371 se
1896 1309 2400 1372 inmiscuissent
2426 1326 2583 1370 con-

494 1409 740 1489 loquiis
773 1413 1281 1487 montanorum,
1305 1409 1590 1470 edoctus
1631 1409 1931 1469 interdiu
1976 1415 2250 1471 tantum
2291 1408 2585 1470 obsideri

496 1511 774 1587 saltum,
811 1515 1011 1570 nocte
1047 1508 1118 1567 in
1153 1526 1276 1569 sua
1317 1525 1651 1587 quemque
1693 1508 1900 1570 dilabi
1941 1515 2145 1588 tecta,
2180 1510 2329 1570 luce
2369 1509 2586 1587 prima

499 1609 710 1672 subiit
762 1609 1084 1687 tumulos,
1132 1615 1212 1670 ut
1258 1626 1339 1669 ex
1386 1614 1626 1687 aperto
1673 1614 1883 1688 atque
1930 1609 2231 1670 interdiu
2279 1609 2420 1671 vim
2470 1625 2588 1686 per

1305 1708 1426 1769 Die
1460 1708 1699 1770 deinde
1726 1709 2114 1770 simulando
2138 1709 2349 1788 aliud,
2382 1726 2589 1788 quam

507 1810 686 1889 quod
752 1809 1148 1888 parabatur,
1214 1815 1621 1887 consumpto
1686 1827 1841 1870 cum
1902 1809 2166 1887 eodem,
2235 1827 2367 1888 quo
2431 1826 2587 1871 con-

393 1924 462 1973 21
502 1910 847 1987 stiterant‚
894 1909 1043 1970 loco
1091 1914 1312 1971 castra
1361 1909 1919 1987 communissent,
1966 1908 2085 1970 ubi
2135 1909 2428 1987 primum
2479 1909 2588 1970 de-

502 2026 762 2088 gressos
807 2009 1084 2071 tumulis
1124 2014 1489 2070 montanos
1528 2010 1927 2089 laxatasque
1966 2009 2179 2071 sensit
2219 2009 2589 2086 custodiaS,

509 2108 812 2188 pluribus
846 2107 1116 2186 ignibus
1156 2125 1362 2186 quam
1399 2125 1519 2186 pro
1554 2125 1836 2170 numero
1871 2108 2301 2170 manentium
2335 2108 2406 2168 in
2441 2125 2588 2186 spe-

507 2210 678 2271 ciem
734 2209 940 2270 factis
998 2207 1641 2287 impedimentisque
1703 2227 1859 2270 cum
1919 2209 2148 2288 equite
2208 2208 2461 2271 relictis
2519 2213 2592 2270 et

399 2321 468 2371 13
506 2309 803 2371 maxima
849 2315 1041 2387 parte
1087 2308 1417 2387 peditum,
1461 2309 1604 2387 ipse
1651 2327 1807 2391 cum
1863 2309 2221 2388 expeditis,
2264 2308 2592 2371 acerrimo

512 2426 778 2490 quoque
827 2409 994 2486 viro,
1040 2408 1294 2487 raptim
1339 2410 1691 2486 angustias
1736 2409 1971 2471 evadit
2013 2409 2230 2489 iisque
2275 2409 2439 2488 ipsis
2488 2414 2593 2470 tu·-

508 2509 731 2585 mulis‚
769 2526 935 2586 quos
966 2507 1195 2569 hostes
1232 2515 1613 2588 tenuerant,
1647 2509 1973 2570 consedit.

689 2607 1032 2668 XXXIII.
1085 2607 1309 2670 Prima
1342 2608 1581 2668 deinde
1608 2608 1756 2669 luce
1785 2614 2009 2669 castra
2036 2615 2226 2671 mota
2255 2615 2325 2671 et
2350 2625 2596 2686 agmen

438 2720 473 2770 2
509 2708 846 2786 reliquum
880 2707 1186 2768 incedere
1221 2707 1467 2786 coepit.

1564 2708 1713 2768 Iam
1744 2709 2057 2769 montani
2091 2709 2281 2786 signo
2320 2710 2482 2770 dato
2516 2726 2594 2769 ex

511 2807 804 2870 castellis
850 2807 938 2868 ad
986 2807 1356 2868 stationem
1401 2806 1677 2868 solitam
1723 2808 2247 2885 conveniebant,
2296 2827 2450 2870 cum
2496 2825 2595 2869 re-

515 2913 715 2986 pente
755 2906 1184 2985 conspiciunt
1221 2906 1389 2968 alios
1425 2924 1578 2967 arce
1617 2912 1953 2984 occupata
1989 2925 2113 2969 sua
2150 2925 2350 2986 super
2389 2914 2599 2987 caput

439 3023 474 3073 3
511 3006 929 3084 inminentiS,
981 3005 1151 3067 alios
1206 3005 1314 3068 via
1370 3006 1655 3067 transire
1707 3006 1944 3069 hostiS.

561 3238 607 3282 8.
664 3236 1032 3300 erigentibus:
1067 3247 1131 3276 se.
1169 3235 1353 3276 Poenis.
1410 3236 1505 3275 Da-

513 3304 615 3344 tive
661 3305 785 3343 with
829 3303 1165 3352 apparuerunt.
1238 3301 1505 3344 Translate

515 3373 576 3421 by
599 3381 627 3410 a
646 3372 828 3410 clause.

564 3439 609 3480 9.
666 3445 752 3481 ea:
783 3447 847 3477 se.
865 3436 1017 3486 parte.
1074 3435 1124 3475 It
1154 3435 1199 3475 is
1229 3436 1320 3475 felt
1357 3444 1413 3475 as
1441 3443 1507 3475 an

515 3506 712 3545 adverb.

566 3573 644 3615 10.
702 3569 968 3615 interdiu:
1024 3569 1315 3608 contrasted
1383 3567 1510 3606 with

515 3639 659 3678 nocte.
713 3638 778 3680 ut.
814 3637 1088 3680 facturus:
1128 3645 1208 3675 see
1251 3635 1513 3674 Introduc·

517 3705 624 3744 tion
651 3705 785 3744 VIII.
810 3706 830 3742 4
852 3705 925 3752 (c).

570 3773 647 3815 11.
703 3770 1019 3815 simulando
1064 3766 1241 3812 allud:
1290 3766 1512 3808 amative

519 3840 572 3877 or
591 3847 764 3878 means
785 3838 908 3876 with
928 3836 999 3874 (lie
1027 3864 1036 3874 .
1069 3865 1079 3873 .
1111 3864 1119 3873 .
1152 3834 1440 3882 consumpto.

2041 3007 2348 3086 Utraque
2399 3008 2599 3070 simul

1659 3236 1738 3280 13.
1792 3237 2063 3281 acerrimo
2092 3246 2307 3289 quoque
2334 3238 2479 3282 viro:
2498 3238 2601 3278 “all

1608 3302 1783 3353 picked
1819 3306 1987 3350 men’‘;
2010 3304 2064 3343 in
2092 3305 2381 3354 apposition
2402 3310 2453 3344 to
2470 3313 2599 3352 empe-

1610 3368 1736 3408 dt'lie·
1776 3369 1987 3413 evadilz:
2010 3372 2125 3410 here
2139 3381 2169 3410 a
2184 3371 2453 3411 transitive
2466 3371 2595 3409 verb.

1661 3436 1895 3475 XXXIII.
1951 3438 1996 3479 2.
2076 3445 2205 3481 arce
2242 3444 2363 3480 sua:
2402 3439 2476 3476 Le·
2515 3436 2601 3474 the

1612 3502 1758 3551 heigh
1766 3506 1811 3541 ts
1830 3502 1992 3543 which
2020 3504 2138 3552 they
2158 3503 2255 3542 had
2270 3502 2511 3552 formerly
2527 3511 2602 3542 oc-

1614 3568 1807 3617 cupied.

1666 3636 1711 3677 3.
1772 3635 2013 3686 utraque
2034 3666 2045 3678 .
2069 3666 2080 3678 .
2107 3667 2118 3678 .
2142 3633 2474 3686 animisque:
2521 3637 2603 3676 the

1616 3700 1811 3749 subject
1838 3703 1890 3740 ot
1918 3700 2086 3749 defixit.
2146 3701 2235 3741 See
2252 3702 2607 3744 Introduction

1617 3768 1748 3806 VIII.
1767 3769 1802 3807 7.
1847 3769 1980 3807 “The
1997 3769 2138 3808 effect
2157 3772 2213 3808 at
2231 3769 2317 3808 the
2328 3777 2467 3810 same
2486 3770 2609 3810 time

1618 3843 1752 3883 upon
1772 3844 1859 3883 eye
1879 3835 1978 3874 and
1997 3833 2183 3874 mind.'’
