2967 4384
409 258 546 310 xvii.
578 256 637 322 4]
1250 256 1480 310 mna
1518 257 1665 310 XXI
2428 259 2499 312 23

579 427 752 490 XVI.
801 426 932 490 Sub
980 427 1156 490 idem
1199 427 1336 488 fere
1365 433 1627 506 tempus
1656 434 1722 490 et
1765 428 1987 508 legati,
2025 429 2138 509 qui
2170 429 2500 492 redierant
2534 436 2567 486 1

410 528 493 589 ab
524 528 945 608 Carthagine,
976 528 1264 590 Romam
1311 529 1709 590 rettulerunt
1756 529 1983 590 omnia
2024 529 2293 591 hostilia
2337 548 2499 608 esse,

410 633 474 689 et
531 627 806 708 Sagunti
865 628 1192 691 excidium
1249 627 1636 690 nuntiatum
1693 635 1825 707 est3
1890 635 2248 709 tantusque
2302 630 2501 692 simul
2534 640 2569 691 2

407 745 671 790 maeror
719 734 939 806 patres
989 727 1569 806 misericordiaque
1623 728 1954 791 sociorum
2013 735 2501 808 peremptorum

406 826 670 907 indigne
702 834 767 891 et
795 827 1005 907 pudor
1034 846 1170 889 non
1200 828 1318 889 lati
1348 828 1577 889 auxilii
1608 834 1673 891 et
1694 828 1794 889 ira
1828 829 1899 889 in
1929 829 2499 910 Carthaginienses

407 933 757 1007 metusque
787 929 865 990 de
913 945 1178 990 summa
1221 946 1443 990 rerum
1482 928 1675 1007 cepit,
1703 929 1886 990 velut
1914 929 1970 990 si
1999 928 2137 991 iam
2165 930 2250 991 ad
2277 935 2501 1008 portas

405 1027 615 1090 hostis
645 1033 836 1106 esset,
867 1034 943 1090 ut
991 1034 1092 1091 tot
1142 1046 1276 1090 uno
1322 1034 1616 1107 tempore
1666 1028 1956 1094 motibus
2003 1029 2210 1090 animi
2254 1030 2501 1092 turbati

405 1127 804 1206 trepidarent
891 1128 1103 1208 magis
1193 1145 1396 1207 quam
1482 1128 1929 1191 consulerent:
2039 1147 2199 1190 nam
2283 1147 2367 1190 ne
2375 1147 2499 1208 que
2533 1142 2569 1193 3

405 1228 666 1289 hostem
730 1227 1052 1289 acriorem
1114 1228 1719 1306 bellicosioremque
1783 1246 2009 1290 secum
2078 1246 2500 1308 congressum

405 1344 527 1389 nec
583 1344 726 1388 rem
771 1327 1150 1389 Romanam
1177 1335 1320 1390 tam
1354 1327 1644 1390 desidem
1687 1344 2014 1406 umquam
2057 1328 2260 1392 fuisse
2297 1335 2497 1407 atque

405 1425 733 1488 inbellem.

576 1526 782 1589 XVII.
836 1527 1230 1589 Nominatae
1275 1527 1414 1589 iam
1460 1532 1659 1588 antea
1703 1527 2079 1590 consulibus
2124 1527 2498 1606 provinciae
2532 1531 2566 1582 1

382 1631 627 1704 -erant3
677 1632 825 1687 tum
873 1625 1093 1688 sortiri
1131 1626 1313 1689 iussi.
1402 1626 1702 1689 Cornelio
1741 1626 2085 1706 Hispania,
2117 1627 2499 1707 Sempronio

403 1724 627 1788 Africa
657 1743 813 1788 cum
842 1725 1062 1788 Sicilia
1106 1726 1344 1788 evenit.
1435 1726 1558 1788 Sex
1609 1725 1680 1786 in
1718 1743 1874 1787 eum
1920 1743 2173 1788 annum
2203 1728 2498 1789 decretae
2533 1733 2570 1784 2

404 1824 693 1904 legiones
750 1831 818 1887 et
875 1826 1130 1887 socium
1193 1831 1523 1905 quantum
1580 1825 1736 1904 ipsis
1784 1825 2115 1888 videretur
2159 1832 2225 1888 et
2275 1827 2501 1890 classis

410 1930 661 2003 quanta
703 1925 924 2003 parari
967 1931 1204 2004 posset.
1293 1925 1624 2005 Quattuor
1668 1931 1733 1986 et
1758 1924 1996 2005 viginti
2039 1926 2335 2004 peditum
2364 1927 2501 1988 Ro-
2534 1936 2570 1987 3

403 2041 760 2086 manorum
790 2025 977 2086 milia
1005 2026 1250 2103 scripta
1279 2030 1344 2086 et
1383 2025 1566 2085 mille
1614 2024 1974 2103 octingenti
2020 2026 2299 2104 equites,
2331 2026 2500 2088 soci-

405 2141 598 2185 orum
660 2124 1097 2203 quadraginta
1154 2122 1340 2184 milia
1396 2123 1715 2202 peditum,
1797 2130 2111 2203 quattuor
2185 2125 2373 2186 milia
2431 2131 2497 2187 et

409 2222 870 2303 quadringenti
900 2224 1186 2302 equites;
1233 2241 1438 2285 naves
1480 2223 1802 2286 ducentae
1830 2224 2068 2304 viginti
2102 2225 2500 2304 quinquere-

402 2340 565 2402 meS‚
605 2324 854 2386 celoces
900 2323 1136 2403 viginti
1182 2322 1463 2385 deducti.
1544 2323 1787 2385 Latum
1831 2324 1982 2385 inde
2029 2325 2114 2386 ad
2159 2325 2500 2404 populum,
2534 2336 2573 2387 4

400 2425 645 2485 vellent
701 2423 1002 2486 iuberent
1061 2423 1302 2503 populo
1363 2423 1891 2502 Carthaginiensi
1953 2423 2201 2488 bellum
2267 2424 2502 2502 indici;

403 2523 676 2603 eiusque
705 2523 858 2585 belli
907 2541 1109 2586 causa
1151 2521 1540 2602 supplicatio
1587 2541 1702 2602 per
1746 2522 1979 2585 urbem
2025 2523 2256 2585 habita
2298 2529 2501 2602 atque

401 2623 658 2685 adorati
715 2623 825 2700 dii,
870 2629 945 2685 ut
1003 2623 1167 2685 bene
1225 2641 1304 2685 ac
1349 2621 1627 2684 feliciter
1672 2623 1959 2685 eveniret
2018 2623 2192 2701 quod
2257 2623 2503 2685 bellum

400 2724 678 2802 populus
708 2724 1052 2785 Romanus
1080 2722 1391 2786 iussisset.

402 2988 537 3033 XVI.
566 2989 674 3033 1-8.
711 2987 868 3030 XVII.
901 2990 996 3033 1-4.
1035 2989 1152 3032 The
1166 2986 1401 3032 Romans

629 3055 863 3108 Prepare
884 3057 966 3099 for
982 3055 1124 3098 War.

451 3123 585 3164 XVI.
639 3123 688 3167 2.
760 3121 1036 3166 sociorum
1084 3123 1398 3174 perempto-

401 3197 546 3234 rum:
593 3198 675 3230 see
707 3187 1062 3230 Introduction
1091 3189 1226 3229 V111.
1258 3188 1283 3227 3
1316 3187 1396 3237 (ὁ).

403 3264 512 3300 uno
578 3256 851 3307 tempore:
917 3257 945 3276 ‘⁴
958 3255 1328 3296 simultaneous
1343 3255 1394 3302 ”;

403 3321 632 3364 modifles
647 3321 860 3362 motibus.

453 3388 500 3433 8.
545 3397 677 3432 nam
692 3395 892 3439 neque:
911 3387 1052 3429 there
1065 3387 1111 3430 is
1123 3396 1189 3429 an
1207 3386 1400 3440 ellipsis

401 3455 455 3496 ot
473 3456 561 3496 the
577 3457 698 3497 verb
715 3455 769 3495 ot
786 3455 1037 3506 thinking.

451 3521 613 3566 XVII.
636 3523 682 3566 1.
737 3521 1079 3566 nominatae:
1107 3522 1193 3562 the
1223 3523 1399 3572 “prov-

401 3586 569 3629 inces”
588 3596 720 3629 were
746 3588 861 3629 first
885 3587 1068 3628 named
1088 3588 1153 3637 by
1182 3589 1267 3628 the
1293 3597 1398 3628 sen·

402 3658 501 3701 ate.
528 3655 652 3696 then
677 3653 911 3704 assigned
947 3655 1011 3704 by
1030 3654 1104 3694 lot
1119 3656 1174 3694 to
1191 3655 1278 3695 the
1295 3657 1398 3694 two

403 3721 622 3770 consuls,
639 3721 696 3762 P.
717 3721 980 3763 Cornelius
1006 3719 1176 3773 Scipio
1203 3722 1302 3762 and
1322 3720 1394 3762 Ti.

402 3785 726 3838 Sempronius
745 3789 965 3836 Longus.

455 3855 500 3904 2.
556 3853 785 3898 socium:
817 3856 901 3894 the
929 3854 1010 3893 old
1045 3855 1267 3904 genitive
1295 3855 1399 3906 plu-

1502 2991 1602 3038 ra1;
1644 2993 1775 3037 note,
1797 2989 2042 3036 however,
2075 2988 2313 3029 sociorum
2340 2989 2394 3030 in
2426 2988 2498 3040 53.

1503 3055 1666 3106 ipsis:
1720 3055 1797 3096 i.e.
1843 3053 2126 3095 consulibus.
2184 3054 2499 3100 videretur:

1502 3122 1841 3171 subjunctive,
1868 3123 2082 3164 because
2116 3120 2161 3163 it
2188 3121 2235 3163 is
2262 3131 2293 3163 a
2325 3127 2503 3172 quota-

1503 3189 1615 3230 tion
1658 3189 1793 3230 trom
1836 3188 1924 3230 the
1964 3189 2139 3230 decree
2172 3189 2227 3229 ot
2271 3189 2358 3230 the
2396 3197 2501 3229 sen·

1502 3259 1599 3297 ate.

1553 3323 1599 3367 8.
1655 3321 1889 3366 celoces:
1918 3321 2046 3372 here,
2060 3321 2355 3368 masculine,
2385 3321 2503 3362 else·

1499 3390 1667 3430 where
1692 3388 1943 3430 feminine.
2007 3387 2145 3429 σείσω
2160 3387 2349 3437 (navia).

1549 3456 1599 3499 4.
1654 3454 2202 3499 vellent-iuberent:
2230 3455 2317 3495 the
2343 3453 2503 3494 direct

1499 3521 1724 3563 formula.
1755 3522 1807 3562 ot
1837 3522 1922 3561 the
1948 3520 2185 3570 question
2212 3524 2307 3571 put
2334 3522 2399 3571 by
2417 3520 2503 3561 the

1501 3587 1803 3646 magistrate
1836 3591 1892 3628 to
1934 3587 2021 3628 the
2064 3586 2240 3637 people
2272 3585 2318 3626 is
2351 3584 2503 3627 veliti·

1498 3653 1754 3695 iubeatisne
1781 3652 1956 3693 bellum
1985 3652 2151 3702 indici,
2180 3651 2251 3692 ita
2270 3661 2372 3702 vos,
2399 3651 2502 3701 Qui·

1498 3720 1625 3767 ritca,
1661 3728 1793 3771 royo.
1858 3720 2130 3763 eveniret:
2176 3727 2243 3759 an
2276 3718 2505 3768 optative

1500 3789 1635 3828 trom
1670 3788 1758 3828 the
1790 3791 1909 3837 past
1944 3785 2090 3835 point
2124 3785 2179 3824 ot
2204 3784 2345 3824 view.
2399 3785 2504 3826 The

1502 3854 1698 3902 subject
1717 3853 1761 3894 is
1780 3851 1965 3892 bellum.
