2967 4384
515 181 623 283 144
1440 226 1504 284 τ.
1540 226 1705 284 mn
2432 232 2547 301 [111.
2574 233 2610 287 2

516 401 779 479 publico
852 402 1121 480 faceret,
1195 403 1393 465 simul
1466 420 1623 466 cum
1697 403 1867 466 bello
1939 405 2291 467 materiam
2362 407 2607 486 gloriae

440 513 476 564 3
509 507 663 562 tuae
719 502 814 562 ire
870 508 1175 581 ereptum
1228 503 1440 565 videri
1500 510 1739 582 posset.
1830 505 2000 565 Cum
2054 523 2212 568 vero
2266 506 2607 569 Hannibal

508 601 716 663 hostis
791 602 1110 664 incolumi
1185 603 1473 665 exercitu
1555 609 1867 682 quartum
1946 605 2278 667 decimum
2350 624 2606 668 annum

508 701 776 763 Italiam
811 701 1138 780 obsideat,
1178 702 1539 782 paenitebit
1581 709 1668 781 te,
1704 704 1775 766 P.
1814 705 2095 782 Corneli,
2144 705 2388 785 gloriae
2422 711 2604 784 tuae,

507 801 563 862 si
620 802 881 863 hostem
939 818 1116 879 eum,
1182 803 1293 881 qui
1350 808 1450 864 tot
1508 803 1844 882 funerum,
1903 810 2001 866 tot
2060 804 2353 867 cladium
2408 806 2605 868 nobis

507 919 708 963 causa
764 901 912 979 fuit,
971 909 1046 963 tu
1105 903 1334 964 consul
1391 903 1585 965 Italia
1644 904 1969 983 expuleris
2026 910 2114 982 et,
2172 905 2342 967 sicut
2396 924 2603 984 penes

506 1002 576 1064 C.
628 1001 969 1063 Lutatium
1021 1002 1254 1080 prioris
1301 1002 1536 1064 Punici
1576 1004 1933 1082 perpetrati
1976 1003 2127 1066 belli
2170 1004 2401 1068 titulus
2449 1006 2600 1084 fuit,

438 1113 480 1166 4
503 1101 598 1164 ita
637 1120 835 1181 penes
871 1108 936 1163 te
972 1099 1171 1163 huius
1206 1102 1443 1164 fuerit?
1531 1103 1669 1164 Nisi
1704 1109 1821 1165 aut
1857 1104 2200 1166 Hamilcar
2233 1106 2601 1169 Hannibali

509 1203 640 1263 dux
673 1207 771 1262 est
809 1200 1288 1280 praeferundus
1323 1209 1439 1264 aut
1472 1203 1639 1264 illud
1677 1203 1925 1264 bellum
1954 1204 2145 1282 huic.
2170 1211 2286 1267 aut
2320 1205 2599 1269 victoria

500 1301 616 1364 illa
680 1301 895 1363 maior
959 1302 1327 1382 clariorque
1400 1320 1602 1381 quam
1667 1303 1829 1366 haec
1859 1339 1941 1346 —
1966 1305 2168 1367 modo
2235 1305 2596 1386 contingat,

434 1405 474 1458 8
501 1407 576 1462 ut
626 1407 690 1463 te
744 1402 1011 1463 consule
1065 1401 1413 1464 vincamus
1441 1438 1523 1446 -—
1548 1403 1776 1466 futura
1827 1410 1944 1466 est.
2036 1404 2208 1484 Quin
2259 1404 2457 1485 igitur
2507 1407 2597 1469 ad

500 1501 626 1562 hoc
687 1501 1047 1581 accingeris
1107 1519 1227 1563 nec
1293 1521 1408 1582 per
1465 1503 1627 1564 istos
1688 1504 2092 1582 circumituS,
2153 1511 2250 1582 ut,
2311 1523 2466 1567 cum
2523 1507 2597 1568 in

497 1601 793 1663 Africam
869 1601 1224 1679 traieceriS,
1306 1609 1692 1664 secuturum
1767 1610 1831 1664 te
1911 1603 2065 1665 illuc
2144 1605 2596 1667 Hannibalem

499 1718 720 1779 speres
758 1700 976 1778 potius
1017 1718 1220 1779 quam
1252 1708 1432 1763 recto
1465 1702 1620 1763 hinc
1655 1702 1909 1780 itinere,
1945 1702 2063 1763 ubi
2097 1703 2437 1766 Hannibal
2472 1712 2590 1784 est,

499 1819 575 1862 eo
644 1800 890 1861 bellum
949 1799 1260 1876 intendi5‚
1325 1800 1379 1861 si
1443 1801 1774 1880 egregiam
1834 1801 2035 1863 istam
2100 1804 2393 1881 palmam
2442 1803 2593 1866 belli

431 1914 467 1966 9
499 1901 730 1962 Punici
770 1899 1012 1978 patrati
1053 1900 1256 1979 petis?
1343 1901 1489 1961 Hoc
1527 1907 1592 1962 et
1628 1907 1869 1963 natura
1911 1901 2089 1980 prius
2126 1909 2245 1980 est,
2282 1909 2401 1965 tua
2437 1921 2593 1965 cum

505 2000 893 2077 defenderis,
951 1998 1168 2061 aliena
1213 1999 1306 2060 ire
1363 2008 1855 2079 oppugnatum;
1912 2019 2040 2079 pax
2080 2007 2234 2063 ante
2287 2002 2358 2062 in
2398 2004 2591 2065 Italia

502 2118 705 2178 quam
743 2099 991 2161 bellum
1023 2099 1095 2159 in
1128 2099 1352 2160 Africa
1387 2099 1494 2176 sit,
1533 2105 1597 2161 et
1632 2101 1825 2161 nobis
1866 2100 2045 2179 prius
2087 2102 2359 2163 decedat
2394 2103 2594 2165 timor

346 2204 350 2208 ’
391 2214 465 2266 10
503 2217 704 2278 quam
767 2200 942 2260 ultro
1006 2199 1152 2260 aliis
1214 2198 1560 2262 inferatur.
1651 2198 1716 2261 Si
1781 2206 2142 2279 utrumque
2206 2207 2323 2262 tuo
2393 2203 2594 2265 ductu

495 2299 925 2378 auspicioque
972 2299 1114 2360 fieri
1166 2305 1400 2377 potest,
1449 2298 1828 2361 Hannibale
1875 2299 1982 2361 hic
2031 2299 2208 2362 victo
2256 2300 2387 2362 illic
2437 2302 2594 2363 Car-

494 2399 835 2478 thaginem
871 2416 1206 2477 expugna3
1241 2398 1296 2458 si
1333 2400 1541 2460 altera
1575 2405 1727 2460 utra
1764 2399 2041 2461 victoria
2076 2399 2269 2462 novis
2306 2402 2592 2463 consuli-

498 2498 620 2560 bus
665 2496 1104 2577 relinquenda
1151 2503 1270 2574 est,
1322 2497 1500 2575 prior
1544 2516 1700 2559 cum
1745 2499 1959 2561 maior
2004 2499 2396 2579 clariorque,
2442 2507 2591 2562 tum

389 2617 459 2668 ιι
494 2617 696 2660 causa
761 2597 965 2659 etiam
1027 2597 1436 2675 insequentis
1502 2597 1721 2661 fuerit.
1812 2599 1984 2660 Nam
2046 2616 2223 2661 nunc
2296 2600 2587 2680 quidem,

497 2705 962 2777 praeterquam
999 2698 1177 2776 quod
1209 2703 1273 2758 et
1305 2697 1375 2757 in
1407 2695 1603 2759 Italia
1635 2704 1699 2759 et
1732 2697 1802 2758 in
1832 2699 2057 2760 Africa
2093 2700 2257 2761 duos
2293 2701 2588 2763 diversos

387 2820 460 2872 12
493 2799 813 2860 exercitus
850 2799 1024 2859 alere
1058 2797 1392 2858 aerarium
1427 2815 1566 2859 non
1603 2804 1838 2877 potest,
1880 2804 2345 2878 praeterquam
2384 2800 2585 2878 quod,

490 2899 668 2959 unde
728 2899 968 2959 classes
1024 2903 1355 2974 tueamur,
1413 2897 1591 2958 unde
1650 2896 2131 2960 commeatibus
2192 2898 2587 2976 praebendis

491 2997 921 3074 sufficiamus,
982 2996 1147 3056 nihil
1207 2996 1443 3074 reliqui
1504 3003 1623 3074 est,
1692 2997 1888 3076 quid?
1975 2997 2253 3059 Periculi
2312 2999 2587 3061 tandem

383 3114 457 3166 13
495 3104 822 3174 quantum
875 3096 1175 3173 adeatur,
1235 3114 1432 3175 quem
1484 3095 1692 3158 fallit?
1780 3097 1849 3159 P.
1908 3097 2193 3158 Licinius
2244 3097 2316 3157 in
2366 3098 2583 3177 Italia,

539 3312 584 3354 8.
640 3309 953 3360 paenitebit
987 3310 1066 3354 te:
1107 3311 1242 3350 “will
1283 3319 1386 3360 you
1427 3311 1488 3350 be
1590 3311 1811 3361 comedy.
1861 3310 2311 3361 Translate·‘why
2328 3312 2585 3362 don’tyou

486 3377 792 3418 dissatisfled
821 3377 1003 3416 with?'’
1067 3375 1372 3420 Lutatium:
1405 3387 1488 3418 see
1589 3385 1729 3416 come
1766 3381 1819 3416 to
1854 3379 1941 3417 the
1974 3378 2178 3428 point?”
2233 3377 2582 3422 circumflua:

421 3485 424 3490 ,
486 3445 548 3485 38.
577 3444 615 3482 9.
669 3443 988 3494 perpetrati
1025 3442 1186 3487 bem:
1219 3453 1300 3484 see
1325 3444 1488 3483 Intro·
1600 3444 1943 3494 “sophistry.’‘
2002 3444 2243 3494 patr-atr:
2278 3443 2583 3494 :perpetrati

486 3511 697 3552 duction
723 3511 858 3550 VIII.
882 3511 920 3550 7.
1588 3509 1668 3559 (3).

537 3579 582 3620 8.
636 3576 794 3628 quin:
825 3577 971 3627 “why
997 3577 1146 3617 not?’'
1205 3575 1293 3626 Qui
1333 3577 1485 3624 (abla-
1641 3576 1719 3620 10.
1775 3575 1962 3621 altera.
2013 3577 2167 3621 utra:
2212 3587 2271 3618 or
2322 3575 2583 3630 alterna-Q·

486 3644 590 3685 tive
631 3645 686 3684 ot
730 3646 816 3684 the
849 3643 1240 3694 interrogative)
1286 3644 1384 3683 and
1427 3652 1486 3682 ne
1591 3645 1715 3683 “one
1734 3653 1792 3682 01·
1811 3645 1896 3683 the
1914 3645 2109 3684 other.‘’

487 3710 781 3760 (originally
815 3711 938 3750 used
982 3709 1037 3750 in
1081 3719 1224 3750 sense
1257 3710 1312 3749 ot
1351 3711 1482 3756 non).
1641 3710 1719 3753 12.
1774 3708 1942 3754 unde:
1973 3711 2043 3750 its
2072 3711 2369 3751 antecedent
2396 3711 2443 3750 is
2460 3708 2584 3749 nihil

486 3776 823 3826 aectngerls:
845 3775 1032 3816 m1dd1e
1062 3776 1216 3816 voice.
1270 3776 1484 3816 'Phe—ex-
1587 3773 1772 3824 reliqui.
1854 3777 1896 3814 A
1964 3777 2210 3827 potential
2280 3777 2583 3827 descriptive

485 3843 716 3885 Dression
750 3842 797 3883 is
840 3841 1125 3893 colloquial.
1164 3843 1399 3892 frequent
1429 3842 1485 3882 in
1586 3842 1769 3883 clause.
