2967 4384
421 275 494 334 ω
1344 281 1408 335 r.
1444 282 1611 337 1.1v1
2351 279 2450 350 [vi.
2478 233 2537 334 e*

425 455 604 517 vada
637 450 901 533 paludis
931 450 1001 515 in
1030 471 1285 534 aquam
1315 453 1669 533 progressi,
1706 453 1929 532 quoad
1960 451 2297 530 capitibus
2324 467 2513 513 ume-

421 555 645 634 risque
708 560 931 616 extare
996 561 1301 633 possunt,
1363 573 1505 616 sese
1567 553 1975 633 inmergunt.
2067 540 2277 614 Fuere
2344 571 2510 632 quos

419 654 840 716 inconsultus
884 671 1095 733 pavor
1134 655 1364 716 nando
1404 655 1613 716 etiam
1651 670 1997 732 capessere
2037 652 2273 732 fugam
2312 653 2510 732 inpu-

349 759 387 813 ’1
420 755 592 832 lerit,
635 772 803 833 quae
839 755 958 815 ubi
993 755 1326 817 immensa
1359 773 1438 816 ac
1475 755 1617 816 sine
1654 772 1771 832 spe
1808 760 1974 830 erat,
2000 750 2510 816 aut'deficienti-

343 938 345 940 q
425 855 548 916 bus
579 854 823 917 animis
854 855 1346 916 hauriebantur
1373 855 1753 934 gurgitibus
1782 859 1899 915 aut
1917 854 2336 932 nequiquam
2353 855 2512 918 fessi

423 955 602 1016 vada
638 961 814 1016 retro
854 955 1218 1036 aegerrime
1258 955 1654 1034 repetebant
1694 960 1899 1033 atque
1937 952 2032 1013 ibi
2071 954 2158 1014 ab
2198 955 2511 1034 ingressis

345 1055 383 1106 8
422 1071 674 1133 aquam
717 1053 1018 1116 hostium
1063 1055 1408 1133 equitibus
1458 1054 1712 1135 passim
1754 1053 2298 1116 trucidabantur.
2388 1055 2511 1117 Sex

421 1154 608 1216 milia
656 1153 866 1216 ferme
922 1153 1121 1233 primi
1170 1154 1460 1234 agminis
1514 1172 1631 1233 per
1681 1153 2003 1215 adversos
2054 1153 2266 1216 hostis
2316 1173 2513 1234 erup-

419 1253 601 1315 tione
639 1253 898 1333 inpigre
938 1253 1146 1332 facta,
1185 1253 1403 1333 ignari
1443 1254 1774 1332 omnium,
1819 1271 1988 1332 quae
2049 1260 2197 1332 post
2252 1273 2321 1316 se
2360 1273 2513 1335 age-

419 1359 673 1431 rentur,
710 1373 744 1415 e
779 1355 958 1416 saltu
993 1371 1290 1431 evasere,
1327 1360 1392 1415 et
1427 1371 1586 1415 cum
1618 1352 1690 1414 in
1722 1353 1985 1415 tumulo
2028 1354 2325 1432 quodam
2357 1372 2513 1417 con-

419 1452 766 1531 stitissent,
787 1455 1153 1515 clamorem
1181 1453 1386 1515 modo
1405 1471 1483 1514 ac
1503 1450 2110 1534 sonumssarmorum
2139 1454 2511 1531 audientes,

427 1570 594 1630 quae
636 1553 911 1614 fortuna
956 1571 1220 1632 pugnae
1264 1559 1459 1630 esset,
1503 1570 1721 1631 neque
1764 1553 1929 1616 scire
1973 1573 2095 1616 nec
2143 1554 2511 1632 perspicere

347 1661 386 1714 9
425 1670 581 1730 prae
613 1653 894 1732 caligine
930 1660 1261 1732 poterant.
1355 1653 1689 1715 Inclinata
1724 1654 2010 1733 denique
2043 1672 2112 1715 re
2145 1672 2301 1716 cum
2330 1654 2513 1716 inca-

418 1752 709 1814 lescente
778 1753 914 1814 sole
965 1752 1267 1831 dispulsa
1334 1752 1586 1814 nebula
1654 1753 2025 1832 aperuisset
2098 1752 2296 1831 diem,
2365 1759 2514 1815 tum

419 1851 682 1929 liquida
709 1850 847 1912 iam
875 1853 1022 1913 luce
1052 1858 1317 1914 montes
1347 1853 1707 1930 campique
1742 1852 2036 1930 perditas
2065 1870 2170 1914 res
2200 1858 2513 1915 stratam-

317 1961 388 2013 10
428 1969 552 2029 que
594 1952 942 2013 ostendere
990 1952 1186 2013 foede
1226 1953 1610 2014 Romanam
1649 1953 1884 2014 aciem.
2005 1955 2267 2032 Itaque,
2309 1972 2391 2016 ne
2442 1954 2513 2015 in

423 2058 816 2130 conspectos
868 2053 1100 2130 procul
1148 2053 1602 2114 inmitteretur
1650 2070 1877 2132 equeS,
1929 2054 2214 2116 sublatis
2262 2055 2513 2134 raptim

421 2151 628 2230 signis
673 2168 878 2229 quam
917 2150 1312 2213 citatissimo
1357 2157 1667 2230 poterant
1707 2153 1973 2233 agmine
2015 2171 2156 2215 sese
2199 2154 2512 2234 abripue-

318 2256 387 2306 11
422 2256 600 2312 runt.
691 2251 965 2313 Postero
1024 2251 1152 2328 die,
1207 2269 1365 2312 cum
1416 2269 1619 2330 super
1672 2258 1893 2314 cetera
1945 2258 2244 2316 extrema
2295 2253 2511 2316 fames

421 2351 627 2412 etiam
662 2350 963 2429 instaret,
1001 2351 1209 2412 fidem
1250 2352 1449 2413 dante
1488 2351 1904 2431 Maharbale,
1950 2352 2063 2432 qui
2101 2371 2257 2415 cum
2295 2353 2510 2416 omni-

425 2450 547 2512 bus
638 2451 1063 2527 equestribus
1148 2450 1359 2528 copiis
1453 2457 1649 2513 nocte
1732 2460 2130 2514 consecutus
2216 2459 2380 2532 erat,
2454 2453 2509 2515 si

419 2568 611 2612 arma
690 2551 1150 2627 tradidissent,
1244 2551 1428 2613 abire
1504 2568 1662 2612 cum
1742 2553 2023 2631 singulis
2090 2554 2509 2616 vestimentis

313 2658 385 2710 12
424 2666 802 2727 passurum,
877 2666 1019 2712 sese
1099 2649 1532 2728 dediderunt;
1614 2668 1783 2730 quae
1859 2653 2113 2714 Punica
2189 2652 2505 2732 religione

419 2755 687 2811 servata
739 2749 908 2810 fides
961 2750 1049 2810 ab
1076 2748 1460 2811 Hannibale
1488 2755 1611 2827 est,
1639 2756 1842 2829 atque
1870 2751 1941 2812 in
1968 2752 2239 2813 vincula
2275 2771 2506 2814 omnes

379 2913 382 2918 ,
419 2849 721 2913 coniecti.

345 2955 380 3010 1
588 2949 733 3011 VII.
782 2949 968 3011 Haec
1028 2955 1127 3011 est
1185 2948 1431 3012 nobilis
1491 2950 1580 3011 ad
1654 2951 2193 3012 Trasumennum
2280 2970 2505 3032 pugna

417 3055 620 3128 atque
675 3050 849 3112 inter
906 3067 1156 3128 paucas
1210 3057 1587 3112 memorata
1643 3052 1873 3130 populi
1915 3053 2207 3113 Romani
2256 3054 2500 3117 cladeS.

349 3158 384 3208 2
418 3148 815 3229 Quindecim
877 3149 1065 3210 milia
1129 3150 1596 3211 Romanorum
1658 3151 1731 3210 in
1795 3150 1935 3212 acie
2001 3170 2225 3230 caesa3
2276 3152 2506 3214 decem

418 3249 604 3310 milia
637 3267 872 3328 sparsa
905 3250 1069 3328 fuga
1106 3267 1222 3328 per
1256 3268 1528 3311 omnem
1560 3251 1902 3313 Etruriam
1940 3251 2219 3314 diversis
2253 3252 2503 3315 itineri-

347 3365 383 3417 3
422 3350 544 3410 bus
601 3348 842 3410 urbem
904 3349 1181 3427 petiere3
1232 3350 1364 3411 duo
1422 3349 1611 3411 milia
1675 3350 2021 3429 quingenti
2076 3351 2376 3413 hostium
2432 3352 2503 3413 in

347 3467 380 3518 5
419 3449 582 3526 acie,
639 3448 835 3510 multi
894 3456 1126 3527 postea
1181 3467 1260 3510 ex
1318 3449 1712 3511 vulneribus
1771 3450 2041 3529 periere.
2157 3451 2502 3514 Hannibal

469 3629 514 3674 7.
571 3630 858 3673 immensa:
903 3628 979 3670 lit.
1029 3629 1446 3674 “unmeasured.—
1563 3630 1641 3672 11.
1693 3628 2088 3674 tradidissent:
2118 3639 2199 3672 see
2214 3631 2278 3671 21.
2304 3631 2423 3673 125.

417 3697 663 3738 endless.”
715 3696 818 3736 The
836 3695 950 3736 lake
966 3695 1012 3736 is
1031 3704 1184 3736 seven
1200 3703 1261 3734 or
1273 3695 1416 3746 eight,
1564 3696 1640 3738 12.
1693 3695 1899 3741 Punica
1918 3697 2211 3750 rengione:
2240 3699 2302 3740 ct.
2324 3701 2385 3740 21.
2408 3700 2443 3740 4.
2458 3700 2495 3743 9.

417 3763 562 3804 miles
579 3763 719 3802 wide.
1509 3761 1665 3806 fides:
1695 3764 1995 3814 “promise”

468 3832 514 3876 9.
568 3828 847 3873 inclinata
874 3835 956 3873 re:
995 3832 1142 3870 “now
1166 3829 1281 3869 that
1327 3830 1414 3870 the
1560 3829 1668 3869 VII.
1736 3830 1783 3873 1.
1846 3831 2173 3875 memorata:
2207 3846 2246 3866 =
2275 3840 2499 3874 memora-

417 3896 580 3941 battle
597 3905 703 3938 was
721 3896 926 3946 already
939 3895 1194 3938 decided.”
1508 3893 1629 3937 bilis.
