2967 4384
333 248 437 308 xis.
468 249 526 320 ε]
1147 245 1378 305 msa
1411 246 1622 305 xxm
2366 247 2437 306 οι

333 423 439 485 his
472 424 678 486 tantis
699 429 932 502 totque
968 422 1262 485 victoriis
1295 438 1533 485 verum
1560 439 1701 485 esse
1734 428 1953 502 grates
1991 422 2129 486 deis
2161 422 2435 484 immor-

332 522 582 586 talibus
624 523 733 603 agi
774 522 1160 600 haberique.
1250 523 1399 585 XII.
1445 523 1550 585 Ad
1592 524 1795 585 fidem
1841 522 2076 584 deinde
2118 528 2259 584 tam
2301 524 2435 585 lae·
2469 538 2501 588 1

332 630 559 687 tarum
608 642 830 685 rerum
881 623 1136 685 effundi
1184 622 1254 683 in
1306 623 1637 685 vestibulo
1690 623 1909 685 curiae
1959 622 2148 684 iussit
2198 624 2434 686 anulos

334 739 594 802 aureoS,
624 723 737 801 qui
768 729 996 786 tantus
1031 739 1310 786 acervus
1344 722 1495 801 fuit,
1518 728 1594 784 ut
1618 722 2045 785 metientibus
2078 739 2281 801 supra
2314 724 2433 785 tris

335 823 596 885 modios
627 824 918 904 explesse
947 822 1080 885 sint
1114 822 1388 902 quidam
1417 829 1755 900 auctores3
1784 824 1970 885 fama
1991 823 2225 901 tenuit,
2260 840 2428 901 quae
2466 847 2503 897 2

337 923 608 1004 propior
630 941 788 986 vero
815 929 934 1001 est,
959 923 1145 985 haud
1171 924 1319 1003 plus
1343 923 1547 986 fuisse
1573 923 1822 986 modin.
1911 923 2168 985 Adiecit
2197 923 2432 985 deinde

335 1022 578 1101 verbis,
619 1041 750 1102 quo
792 1022 1062 1085 maioris
1102 1023 1310 1084 cladis
1344 1023 1671 1085 indicium
1705 1028 1896 1102 esset,
1932 1022 2269 1085 neminem
2302 1022 2433 1085 nisi
2478 1025 2502 1032 ‘

332 1123 610 1202 equites,
661 1129 863 1202 atque
917 1140 1148 1185 eorum
1196 1122 1497 1202 ipsorum
1549 1123 1891 1202 primoreS,
1941 1123 2012 1185 id
2061 1141 2282 1203 gerere
2332 1123 2433 1184 in-

329 1223 538 1303 signe.
629 1223 904 1286 Summa
951 1221 1081 1284 fuit
1131 1223 1470 1302 orationis,
1530 1241 1659 1303 quo
1713 1223 1985 1304 propius
2034 1241 2224 1302 spem
2276 1222 2432 1285 belli
2463 1248 2500 1301 3

334 1322 717 1402 perficiendi
741 1322 848 1401 sit,
876 1340 953 1384 eo
978 1321 1192 1402 magis
1219 1323 1402 1383 omni
1427 1341 1554 1402 ope
1579 1323 1955 1385 iuvandum
1978 1323 2429 1385 Hannibalem

327 1441 502 1500 esse3
549 1423 778 1503 procul
807 1423 986 1484 enim
1013 1423 1102 1483 ab
1130 1423 1326 1484 domo
1360 1422 1671 1485 militiam
1707 1442 1871 1501 esse,
1904 1424 1974 1483 in
2009 1423 2233 1485 media
2272 1424 2427 1485 hos-

330 1522 502 1584 tium
553 1529 764 1599 terra;
815 1540 1132 1602 magnam
1186 1522 1326 1583 vim
1377 1522 1719 1600 frumenti,
1777 1522 2091 1601 pecuniae
2146 1522 2427 1600 absumi,
2462 1546 2501 1598 4

330 1627 396 1684 et
451 1629 551 1684 tot
607 1622 782 1684 acies
838 1629 914 1684 ut
969 1623 1266 1684 hostium
1323 1623 1645 1684 exercitus
1707 1624 1952 1685 delesse
2008 1623 2104 1684 ita
2161 1623 2453 1684 victoris-

331 1721 535 1784 etiam
586 1739 662 1783 co
671 1721 811 1800 pias
866 1728 1050 1802 parte
1103 1721 1332 1799 aliqua
1384 1721 1729 1784 minuisse:
1775 1721 2180 1783 mittendum
2230 1721 2428 1800 igitur
2461 1749 2497 1802 5

329 1822 870 1900 supplementum
901 1839 1063 1899 esse,
1095 1820 1497 1882 mittendam
1528 1821 1598 1881 in
1629 1821 2038 1900 stipendium
2073 1821 2423 1899 pecuniam

327 1920 872 1999 frumentumque
936 1927 1081 1983 tam
1148 1920 1312 1982 bene
1376 1921 1629 1983 meritis
1699 1922 1777 1983 de
1841 1921 2112 1982 nomine
2176 1920 2426 1982 Punico

325 2020 673 2084 militibuS.
2219 2101 2223 2104 ἢ

497 2120 883 2183 Secundum
959 2121 1123 2183 haec
1207 2121 1382 2184 dicta
1459 2121 1763 2201 Magonis
1843 2121 2033 2184 laetis
2112 2121 2423 2183 omnibus
2460 2143 2497 2196 6

325 2218 637 2298 Himilc0,
680 2220 785 2281 vir
825 2219 1136 2296 factionis
1177 2220 1522 2299 Barcinae,
1563 2223 1787 2283 locum
1827 2221 2176 2282 Hannonis
2217 2221 2427 2282 incre-

329 2319 533 2398 pandi
597 2338 736 2382 esse
798 2326 1005 2397 ratuS,
1083 2320 1278 2399 ‘Quid
1341 2327 1461 2398 est,
1524 2321 1830 2383 Hanno?’
1919 2321 2136 2400 inquit
2200 2320 2427 2383 ‘etiam

325 2436 504 2481 nunc
554 2419 844 2499 paenitet
894 2419 1048 2481 belli
1092 2421 1382 2498 suscepti
1426 2421 1747 2483 adversus
1793 2422 2171 2483 Romanos?
2260 2421 2423 2482 Iube

333 2519 483 2581 dedi
526 2518 1010 2596 Hannibalem3
1055 2525 1210 2582 veta
1259 2519 1330 2579 in
1378 2525 1523 2581 tam
1576 2521 1905 2600 prosperis
1955 2520 2153 2583 rebus
2203 2527 2422 2600 grates
2455 2539 2493 2593 7

333 2619 469 2681 deis
512 2619 1002 2681 immortalibus
1037 2618 1179 2699 agi3
1223 2620 1579 2682 audiamus
1621 2622 2005 2683 Romanum
2046 2628 2423 2683 senatorem

327 2716 399 2778 in
458 2716 1101 2797 Carthaginiensium
1158 2717 1386 2782 curia.’
1475 2721 1646 2780 Tum
1701 2721 1973 2783 Hanno:
2022 2721 2421 2783 ‘Tacuissem
2453 2745 2492 2797 g

326 2817 549 2897 hodie,
597 2826 815 2897 patres
860 2819 1236 2898 conscripti,
1282 2838 1366 2882 ne
1417 2821 1578 2898 quid
1621 2821 1691 2881 in
1736 2821 2075 2882 communi
2120 2822 2422 2883 omnium

382 2999 461 3043 12.
517 3005 711 3041 verum
746 3006 887 3042 esse:
931 3007 1176 3048 :aequum
1209 3008 1319 3039 esse.
1416 3002 1470 3040 οι·
1488 3001 1575 3040 the
1593 3005 1926 3052 peace-party.
1974 3002 2050 3042 He
2079 3001 2418 3052 consistently
2446 2995 2452 3000 ’

326 3066 539 3117 grates:
574 3063 814 3114 :qratiam
873 3064 968 3116 agl
994 3065 1321 3116 haberique:
1415 3068 1636 3118 opposed
1665 3070 1751 3109 the
1768 3077 1876 3109 war
1904 3067 2004 3109 and
2033 3069 2133 3110 had
2158 3078 2284 3109 even
2302 3077 2417 3119 sug-

325 3133 413 3172 the
446 3131 560 3172 first.
599 3132 759 3172 refers
794 3135 848 3171 to
885 3133 972 3172 the
1013 3131 1322 3182 expression,
1414 3135 1589 3183 gested
1608 3135 1693 3175 the
1711 3135 1982 3175 surrender
1998 3136 2052 3175 of
2071 3134 2417 3181 Hanniba1.in

325 3199 414 3239 the
446 3197 628 3238 second
663 3201 717 3238 to
749 3198 836 3238 the
880 3198 1066 3248 feeling
1090 3199 1144 3238 ot
1167 3198 1326 3248 grati·
1415 3201 1563 3241 order
1580 3203 1635 3241 to
1653 3202 1849 3251 placate
1869 3201 1954 3242 the
1973 3201 2195 3242 Romans
2219 3201 2301 3251 (21.
2326 3202 2412 3250 10).

326 3265 460 3306 tude.
892 3313 900 3325 α
1414 3267 1477 3308 In
1494 3267 1600 3308 this
1618 3269 1796 3318 speech
1824 3269 1879 3308 of
1906 3269 2103 3315 Hanno,
2124 3267 2270 3317 Livy,
2290 3268 2415 3309 with

331 3374 335 3378 ,
374 3331 488 3373 XII.
545 3332 590 3376 1.
638 3330 710 3376 ad
753 3329 935 3376 fidem:
982 3331 1071 3372 “in
1123 3333 1322 3382 proof.”
1414 3336 1562 3383 great
1595 3334 1729 3380 skffl,
1764 3339 1859 3376 not
1892 3335 2015 3386 only
2062 3343 2191 3385 pays
2225 3344 2256 3375 a
2291 3335 2417 3386 high

325 3396 444 3442 sint
494 3396 720 3448 quidam
764 3399 1047 3443 auctores:
1081 3397 1322 3449 :quidam
1415 3400 1607 3441 tribute
1642 3405 1697 3441 to
1731 3401 1928 3441 Roman
1962 3401 2331 3442 steadfastness
2364 3402 2418 3441 of

325 3463 536 3504 tradant.
1413 3467 1687 3514 charact-er.
1707 3469 1801 3508 but,
1829 3468 1938 3508 also
1966 3472 2204 3517 suggests
2237 3469 2326 3508 the
2344 3476 2415 3508 se-

376 3532 422 3576 3.
478 3530 730 3582 propius:
759 3532 964 3572 ef.21.1.
986 3532 1023 3572 2.
1414 3538 1521 3575 cret-
1566 3535 1620 3574 of
1654 3534 1788 3575 their
1821 3543 2019 3576 success
2055 3534 2110 3574 in
2146 3534 2251 3575 this
2288 3541 2408 3575 war.

378 3599 430 3644 4.
484 3597 656 3642 acies:
693 3596 938 3648 :pr-aelia.
1413 3601 1691 3651 paenitet:
1722 3611 1787 3642 sc.
1810 3601 1864 3640 ce.

377 3665 424 3708 8.
475 3663 742 3708 factionis
767 3663 1056 3710 Barcinae:
1088 3667 1174 3708 the
1199 3675 1320 3707 war-
1465 3669 1511 3711 7.
1566 3667 1868 3712 Romanum
1886 3668 2225 3712 senatorem:
2254 3667 2414 3708 refers

323 3735 493 3782 party,
511 3731 691 3781 taking
709 3731 780 3770 its
796 3741 946 3771 name
974 3733 1109 3772 from
1139 3734 1320 3780 Barca,
1413 3733 1682 3785 ironicany
1700 3738 1753 3775 to
1769 3735 1967 3776 Hanno.

323 3800 412 3840 the
427 3806 704 3848 cognomen
721 3799 775 3838 ot
793 3798 1069 3844 Hamilcar.
1114 3799 1318 3845 locum:
1463 3802 1511 3845 8.
1562 3802 1757 3853 patres
1792 3800 2122 3853 conscripti:
2174 3809 2256 3842 see
2290 3803 2412 3842 note

343 3864 740 3920 ‘opportunity-'⁹
791 3864 1007 3910 Hanno:
1042 3866 1127 3908 the
1154 3866 1322 3908 leader
1413 3876 1480 3910 on
1492 3866 1763 3920 provincia,
1780 3869 1841 3908 21.
1862 3868 1900 3909 5.
1926 3869 1960 3909 1.
