2967 4384
483 191 591 247 118
1399 193 1462 246 Τ.
1504 192 1673 248 Lm
2336 191 2475 258 [xiii.
2502 193 2573 244 15

480 364 878 445 incendique
909 364 1194 444 patriam
1225 363 1488 442 videbo,
1516 381 1640 426 nec
1681 362 1828 442 rapi
1858 363 1949 426 ad
1986 371 2297 441 stuprum
2323 370 2569 424 matres

379 469 451 522 16
484 465 860 542 Campanas
885 464 1301 544 virginesque
1324 472 1388 527 et
1410 463 1733 542 ingenuos
1759 480 2016 542 pueros.
2105 462 2367 540 Albam,
2391 463 2572 526 unde

481 565 608 643 ipsi
644 564 908 626 oriundi
941 572 1151 643 erant,
1185 582 1228 626 a
1260 563 1717 626 fundamentis
1756 570 2170 642 proruerunt,
2206 581 2290 624 ne
2324 562 2572 644 stirpiS,

482 683 566 728 ne
611 665 932 727 memoria
979 664 1309 743 originum
1353 682 1627 726 suarum
1672 671 1949 727 extaret:
1993 663 2246 725 nedum
2290 683 2401 726 eos
2449 669 2575 730 Ca-

489 784 657 844 puae
704 785 1013 846 parsuros
1053 767 1343 847 credam,
1385 767 1494 829 cui
1533 766 1901 830 infestiores
1947 784 2149 846 quam
2192 768 2575 847 Carthagini

380 864 451 916 1'7
483 875 660 930 sunt.
749 869 984 949 Itaque
1038 869 1277 949 quibus
1328 877 1624 932 vestrum
1670 877 1825 932 ante
1872 869 2014 932 fato
2064 869 2314 947 cedere,
2370 888 2573 949 quam

483 967 646 1030 haec
699 974 797 1031 tot
849 975 989 1032 tam
1041 968 1279 1030 acerba
1336 967 1628 1047 videant,
1680 967 1752 1029 in
1802 966 2029 1031 animo
2082 975 2201 1047 est,
2255 968 2335 1030 iis
2386 969 2571 1048 apud

383 1069 454 1119 18
485 1086 592 1130 me
642 1068 836 1132 hodie
887 1069 1121 1150 epulae
1171 1069 1531 1132 instructae
1585 1076 1988 1150 parataeque
2037 1078 2214 1133 sunt.
2309 1070 2574 1135 Satiatis

490 1168 643 1230 vino
691 1168 971 1250 ciboque
1022 1170 1335 1249 poculum
1378 1169 1580 1248 idem,
1633 1170 1812 1249 quod
1857 1168 2022 1230 mihi
2072 1170 2305 1233 datum
2347 1171 2568 1250 fuerit,

487 1268 1008 1333 circumferetur:
1059 1289 1139 1333 ea
1193 1269 1372 1350 potio
1423 1287 1663 1351 corpus
1714 1289 1755 1332 a
1805 1269 2124 1348 cruciatu,
2176 1269 2479 1332 animum
2528 1290 2571 1333 a

487 1369 922 1446 contumeliis,
956 1370 1200 1448 oculos,
1231 1369 1412 1432 auris
1440 1389 1481 1431 a
1515 1369 1817 1431 videndis
1846 1369 2329 1450 audiendisque
2362 1371 2572 1433 omni-

490 1470 612 1531 bus
642 1471 890 1532 acerbis
919 1470 1362 1550 indignisque,
1399 1488 1569 1550 quae
1600 1478 1875 1534 manent
1908 1472 2136 1547 victoS,
2172 1471 2565 1558 vindicabit3

491 1568 703 1647 parati
765 1578 979 1648 erunt,
1049 1570 1160 1649 qui
1223 1587 1468 1648 magno
1531 1587 1690 1649 rogo
1753 1570 1825 1630 in
1891 1570 2240 1649 propatulo
2305 1571 2574 1633 aedium

381 1682 453 1734 19
486 1686 763 1732 accenso
820 1688 1097 1748 corpora
1153 1669 1462 1732 exanima
1520 1669 1815 1732 iniciant.
1905 1669 2087 1732 Haec
2147 1688 2285 1732 una
2344 1670 2452 1732 via
2495 1679 2574 1756 ¹et

486 1769 766 1832 honesta
814 1778 878 1833 et
924 1769 1130 1832 libera
1177 1769 1265 1832 ad
1313 1778 1619 1832 mortem.
1708 1771 1793 1833 Et
1838 1768 1965 1848 ipsi
2018 1769 2332 1832 virtutem
2377 1770 2575 1833 mira-

491 1871 737 1931 buntur
792 1869 1033 1947 hosteS,
1092 1877 1156 1932 et
1212 1868 1553 1932 Hannibal
1629 1868 1833 1932 fortis
1874 1868 2085 1932 socios
2142 1871 2302 1933 sciet
2356 1870 2445 1934 ab
2508 1889 2578 1932 se

419 1975 451 2026 1
492 1969 777 2030 desertos
810 1987 889 2030 ac
937 1968 1229 2046 proditos
1271 1970 1455 2030 esse.’
1545 1970 1719 2032 XIv,
1765 1970 1958 2031 Hanc
2008 1971 2375 2032 orationem
2407 1971 2576 2033 Virri

490 2069 706 2147 plures
757 2086 911 2130 cum
962 2068 1251 2130 adsensu
1301 2068 1679 2146 audierunt,
1739 2087 1941 2148 quam
1992 2069 2150 2133 forti
2205 2071 2433 2132 animo
2485 2070 2576 2149 id,

419 2178 455 2229 2
491 2170 669 2249 quod
705 2170 1102 2248 probabant,
1137 2169 1408 2248 exsequi
1434 2176 1819 2247 potuerunt:
1853 2169 2066 2231 maior
2100 2188 2251 2248 pars
2284 2179 2577 2248 senatuS,

483 2270 713 2334 multis
771 2288 969 2348 saepe
1032 2269 1218 2332 bellis
1278 2277 1622 2347 expertam
1684 2269 1912 2348 populi
1958 2270 2249 2332 Romani
2292 2271 2576 2333 clemen-

482 2371 649 2434 tiam
714 2370 898 2432 haud
973 2370 1343 2434 diffidentes
1411 2371 1539 2434 sibi
1612 2391 1876 2452 quoque
1951 2373 2345 2452 placabilem
2411 2373 2574 2449 fore,

481 2473 732 2550 legatos
795 2472 883 2534 ad
951 2472 1326 2533 dedendam
1389 2473 1709 2535 Romanis
1775 2475 2076 2551 Capuam
2145 2472 2575 2536 decreverunt

414 2579 451 2631 3
484 2572 955 2652 miseruntque.
1060 2572 1330 2634 Vibium
1369 2573 1658 2635 Virrium
1698 2580 1953 2653 septem
1994 2580 2057 2635 et
2104 2573 2334 2651 viginti
2372 2573 2578 2634 ferme

483 2679 816 2734 senatores
887 2673 1160 2734 domum
1223 2674 1432 2736 secuti
1498 2681 1652 2737 sunt
1694 2675 2078 2754 epulatique
2146 2692 2300 2735 cum
2364 2690 2441 2734 eo
2488 2679 2575 2749 et,
2636 2750 2641 2753 .

490 2779 815 2852 quantum
864 2773 1084 2835 facere
1143 2781 1495 2853 potuerant
1544 2776 1847 2838 alienatis
1899 2775 2106 2837 menti
2115 2773 2237 2835 bus
2290 2772 2445 2834 vino
2493 2771 2576 2834 ab

483 2871 888 2934 imminentis
946 2891 1143 2935 sensu
1199 2876 1381 2954 mali,
1442 2893 1777 2938 venenum
1833 2893 2063 2938 omnes
2122 2878 2576 2952 sumpserunt3

419 2980 456 3031 4
483 2973 637 3034 inde
696 2973 897 3034 misso
959 2973 1268 3036 convivio
1333 2975 1573 3037 dextris
1613 2975 1784 3038 inter
1843 2993 1911 3037 se
1976 2975 2145 3037 datis
2207 2973 2575 3053 ultimoque

487 3074 833 3151 complexu
883 3074 1430 3136 conlacrimantes
1477 3092 1677 3136 suum
1727 3075 2111 3155 patriaeque
2162 3092 2393 3136 casum
2440 3072 2574 3150 alii,

486 3179 560 3234 ut
625 3173 860 3234 eodem
924 3191 1082 3252 rogo
1149 3181 1619 3251 cremarentur,
1685 3182 2095 3253 manserunt,
2161 3173 2274 3237 alii
2345 3174 2577 3235 domos

418 3275 452 3326 5
491 3272 758 3350 digressi
831 3280 1004 3334 sunt.
1095 3274 1394 3351 Inpletae
1468 3272 1633 3335 cibis
1712 3274 1999 3353 vinoque
2076 3291 2283 3336 venae
2356 3273 2577 3334 minus

540 3453 618 3500 16.
674 3452 884 3498 Albam:
927 3452 1197 3504 according
1238 3455 1292 3493 to
1332 3453 1486 3494 tradi·
1632 3453 1715 3496 18.
1769 3452 1830 3497 in
1864 3453 2166 3504 pronatum
2201 3451 2443 3498 aedium:
2490 3453 2577 3494 “ln

488 3521 613 3567 tion,
635 3520 762 3560 Alba
793 3520 971 3571 Longa.
988 3529 1094 3561 was
1122 3520 1390 3572 destroyed
1417 3521 1484 3570 by
1579 3519 1666 3560 the
1683 3519 1931 3561 vestibula
1948 3521 2002 3560 or
2020 3521 2105 3560 the
2122 3520 2327 3561 house.”

488 3588 666 3629 Tullus
691 3586 958 3633 Hostilius,
987 3587 1132 3638 Livy,
1163 3588 1196 3627 1.
1229 3586 1292 3627 28.
1347 3585 1483 3631 stir—
1629 3586 1762 3627 XIV.
1818 3587 1865 3630 2.
1918 3594 2054 3638 pars
2092 3616 2105 3631 .
2145 3617 2158 3631 .
2192 3616 2207 3632 .
2244 3583 2575 3631 diffidentes:

487 3655 598 3707 pis:
652 3653 984 3701 nominative,
1030 3663 1089 3696 as
1125 3654 1395 3695 elsewhere
1428 3653 1484 3693 in
1580 3663 1661 3694 see
1676 3655 1737 3694 21.
1759 3654 1820 3693 27.
1839 3654 1875 3693 9.

488 3721 632 3772 Livy.
684 3719 886 3764 nedum
919 3750 933 3765 .
971 3750 985 3779 .
1023 3720 1316 3764 ‚credamz
1347 3720 1486 3761 “stffl
1629 3722 1679 3764 4.
1736 3720 1929 3766 misso·
1963 3719 2223 3762 :dimisum

489 3789 587 3830 less
606 3797 690 3828 am
703 3787 728 3827 1
741 3790 793 3828 to
805 3787 1005 3828 believe.
1017 3790 1042 3805 '³
1080 3788 1378 3833 I-Iale-Buck‚
1394 3788 1480 3828 505.
