2967 4384
447 247 520 298 vi.
552 247 610 312 s]
693 233 702 242 ‘
1294 244 1526 299 usna
1562 245 1708 298 xx1
2473 245 2544 298 19

447 417 645 478 Italia
672 417 734 479 ei
762 416 1102 495 provincia
1122 415 1391 478 decreta
1429 415 1803 494 bellumque
1846 414 2232 505 Romanum
2264 416 2543 478 manda-

447 523 594 578 tum
650 522 843 594 esset,
900 517 1068 577 nihil
1109 515 1575 594 prolatandum
1625 520 1832 593 ratuS,
1884 532 1967 576 ne
2019 533 2088 577 se
2135 532 2416 595 quoque,
2467 521 2544 578 ut
2576 521 2613 574 2

444 623 703 698 patrem
758 616 1233 694 Hamilcarem,
1276 616 1505 677 deinde
1563 614 2071 693 Hasdrubalem,
2118 621 2543 678 cunctantem

445 735 639 780 casus
657 718 893 796 aliquis
913 718 1330 796 opprimeret,
1348 715 1728 794 Saguntinis
1752 716 1994 778 inferre
2017 715 2265 778 bellum
2285 717 2540 779 statuit.

605 818 716 880 VI.
760 817 929 879 Cum
974 816 1354 897 Saguntinis
1399 815 1647 877 bellum
1689 816 1988 877 nondum
2033 821 2197 894 erat,
2250 821 2543 878 ceterum
2576 821 2609 871 1

443 917 582 980 iam
636 918 788 980 belli
847 935 1052 980 causa
1107 916 1475 980 certamina
1532 934 1687 979 cum
1752 916 2053 978 finitimis
2130 917 2541 994 serebantur,

444 1035 754 1080 maxume
784 1016 1195 1080 Turdetanis.
1276 1015 1526 1096 Quibus
1557 1034 1712 1078 cum
1751 1003 2008 1079 adesse't
2036 1017 2233 1094 idem,
2267 1017 2379 1096 qui
2407 1017 2542 1078 litis
2574 1023 2611 1074 2

443 1124 585 1180 erat
613 1123 816 1196 sator,
847 1135 970 1179 nec
999 1122 1336 1180 certamen
1380 1117 1563 1194 iuris,
1596 1116 1709 1177 sed
1733 1117 1874 1177 vim
1914 1117 2142 1196 quaeri
2174 1121 2539 1195 appareret,

442 1217 643 1297 legati
694 1236 736 1279 a
784 1217 1164 1297 Saguntinis
1215 1217 1504 1280 Romam
1552 1218 1737 1279 missi
1786 1217 2111 1279 auxilium
2162 1217 2245 1278 ad
2294 1217 2541 1279 bellum

442 1318 582 1380 iam
607 1318 788 1379 haud
818 1317 1010 1379 dubie
1033 1317 1388 1378 imminens
1413 1322 1695 1379 orantes.
1757 1316 2073 1378 Consules
2094 1321 2255 1379 tunc
2286 1317 2539 1378 Romae
2574 1324 2611 1378 3

443 1422 632 1479 erant
661 1418 733 1479 P.
768 1417 1108 1479 Cornelius
1136 1416 1348 1494 Scipio
1379 1421 1442 1477 et
1471 1416 1567 1477 Ti.
1599 1415 2020 1494 Sempronius
2048 1416 2333 1496 Longus.
2415 1417 2542 1496 Qui

443 1534 600 1578 cum
626 1516 861 1597 legatis
889 1516 960 1577 in
989 1521 1301 1578 senatum
1345 1515 1737 1578 introductis
1785 1516 1862 1578 de
1908 1533 1978 1577 re
2022 1514 2287 1594 publica
2332 1521 2540 1578 rettu-

450 1617 700 1695 lissent,
731 1616 1212 1696 placuissetque
1243 1615 1421 1677 mitti
1465 1615 1718 1694 legatos
1746 1615 1816 1676 in
1861 1614 2256 1694 Hispaniam
2303 1617 2387 1677 ad
2436 1633 2541 1677 res

441 1718 775 1779 sociorum
822 1715 1285 1795 inspiciendaS,
1318 1715 1554 1794 quibus
1600 1715 1656 1776 si
1680 1714 2013 1778 videretur
2058 1716 2257 1795 digna
2309 1733 2537 1793 causa,
2574 1725 2612 1776 4

441 1822 506 1879 et
534 1816 898 1879 Hannibali
926 1815 1414 1893 denuntiarent,
1445 1821 1521 1877 ut
1551 1815 1634 1877 ab
1663 1815 2065 1894 Saguntinis,
2096 1815 2289 1878 sociis
2317 1817 2541 1894 populi

441 1917 751 1994 Romani,
783 1916 1160 1993 abstineret,
1192 1920 1258 1977 et
1288 1915 1761 1994 Carthaginem
1781 1915 1852 1976 in
1872 1916 2168 1977 Africam
2190 1916 2543 1978 traicerent

440 2035 518 2079 ac
547 2017 882 2079 sociorum
909 2016 1132 2095 populi
1162 2015 1450 2077 Romani
1493 2015 1939 2094 querimonias
1978 2016 2539 2093 deferrent,—hac
2576 2026 2611 2078 5

437 2113 766 2196 legatione
817 2117 1077 2179 decreta
1124 2116 1410 2178 necdum
1458 2115 1685 2193 missa,
1737 2115 2041 2178 omnium
2096 2133 2208 2194 spe
2268 2115 2540 2178 celerius

437 2215 810 2296 Saguntum
839 2215 1204 2296 oppugnari
1233 2216 1515 2278 allatum
1544 2221 1663 2278 est.
1735 2217 1918 2278 Tunc
1941 2216 2153 2278 relata
2175 2216 2254 2277 de
2284 2216 2538 2295 integro

436 2334 540 2377 res
570 2317 654 2378 ad
683 2322 1025 2393 senatum;
1067 2321 1132 2377 et
1162 2315 1276 2377 alii
1321 2315 1696 2394 provincias
1733 2316 2114 2378 consulibus
2144 2314 2540 2394 Hispaniam
2575 2329 2611 2381 6

437 2421 634 2495 atque
661 2416 959 2478 Africam
987 2416 1412 2478 decernentes
1438 2419 1619 2478 terra
1662 2416 1961 2494 marique
2008 2433 2151 2477 rem
2180 2416 2541 2495 gerendam

437 2516 815 2593 censebant,
887 2515 1001 2576 alii
1070 2521 1291 2577 totum
1357 2516 1428 2576 in
1498 2516 1894 2594 Hispaniam
1961 2514 2538 2594 Hannibalemque

320 2638 326 2646 ·
421 2616 865 2678 'intendebant
913 2615 1194 2694 bellum;
1237 2621 1448 2692 erant,
1485 2617 1598 2694 qui
1647 2633 1783 2676 non
1834 2622 2082 2678 temere
2136 2616 2540 2677 movendam
2574 2624 2610 2676 7

434 2733 578 2776 rem
593 2721 858 2777 tantam
873 2716 1437 2794 expectandosque
1460 2733 1541 2776 ex
1561 2715 1886 2793 Hispania
1902 2716 2155 2794 legatos
2174 2720 2536 2777 censerent.

435 2814 620 2877 Haec
650 2815 1002 2893 sententia,
1035 2832 1203 2894 quae
1232 2815 1567 2876 tutissima
1593 2813 1962 2892 videbatur,
1990 2814 2173 2892 vicit,
2206 2815 2536 2894 legatique
2570 2827 2609 2878 8

433 3046 756 3099 expressions
789 3049 844 3088 ot
877 3047 1076 3088 Roman
1110 3046 1433 3088 administra·
1532 3047 1608 3088 219
1624 3055 1723 3088 no.
1780 3048 1836 3088 P.
1856 3047 2117 3090 Cornelius
2146 3047 2315 3100 Scipio
2342 3049 2443 3090 and
2461 3049 2533 3088 Ti.
2580 3035 2585 3040 ’

434 3115 546 3156 tion
575 3115 632 3156 in
673 3113 921 3165 speaking
962 3115 1018 3154 ot
1060 3113 1431 3166 Carthaginian
1536 3114 1867 3164 Sempronius
1901 3115 2109 3165 Longus
2142 3124 2271 3157 were
2304 3116 2391 3156 the
2424 3124 2537 3156 con-

435 3181 620 3222 affairs.
1534 3182 1642 3222 suls
1660 3182 1714 3221 ot
1741 3182 1827 3222 the
1851 3181 2110 3232 following
2135 3191 2270 3233 year.
2322 3181 2385 3223 In
2414 3181 2475 3224 15.
2496 3183 2532 3221 4.

483 3249 531 3292 2.
587 3247 653 3291 ut
687 3247 927 3297 patrem:
956 3246 1040 3297 {se-
1071 3255 1209 3287 casus
1244 3254 1431 3296 oppres·
1535 3247 1667 3300 Livy
1682 3251 1902 3289 eorrects
1917 3248 1998 3288 his
2015 3257 2171 3290 error.

432 3312 573 3354 cerat-
1302 3313 1307 3317 '
1583 3314 1634 3358 4.
1687 3312 2109 3359 denuntiarent:
2141 3315 2229 3356 the
2262 3313 2461 3364 subject
2490 3313 2535 3356 is

1534 3380 1745 3432 implied
1760 3380 1815 3421 in
1832 3382 1919 3422 the
1935 3379 2203 3433 preceding
2220 3379 2397 3431 Quibus.

431 3431 642 3474 VI-VII.
672 3431 716 3474 ²·
786 3430 1087 3508 Sth
1137 3429 1429 3474 Attacked.
1587 3449 1633 3493 δ.
1687 3445 1931 3492 omnium
1949 3441 2046 3498 'spe
2060 3446 2323 3492 celerius:
2362 3449 2537 3488 “soon-

632 3497 841 3541 ΗΘΜ
865 3496 976 3540 Ald‘
1004 3496 1230 3550 Sought.
1534 3523 1589 3556 er
1608 3515 1735 3555 than
1748 3523 1848 3564 any
1865 3523 1961 3554 one
1975 3515 2264 3565 expected.”
2314 3512 2429 3562 Spes
2445 3512 2537 3554 im·

482 3581 531 3626 2.
586 3579 752 3625 idem:
793 3581 869 3622 i.e.
908 3579 1180 3621 Hannibal.
1253 3580 1430 3625 sator:
1535 3581 1663 3633 plies
1679 3580 1867 3631 simply
1883 3579 2237 3630 anticipation.

431 3647 697 3690 continues
725 3648 811 3688 the
829 3647 991 3698 figure
1008 3648 1063 3688 oi
1079 3647 1364 3688 serebantur.
1587 3648 1635 3692 ’1.
1689 3645 2190 3698 expectandosque:
2243 3647 2391 3687 when
2432 3655 2537 3696 -que

483 3715 530 3759 8.
584 3715 688 3756 'Phe
715 3714 851 3764 siege
873 3714 928 3755 ot
955 3712 1245 3764 Saguntum
1271 3715 1436 3765 began
1535 3719 1775 3756 connects
1801 3723 1832 3755 a
1857 3713 2093 3764 negative
2126 3713 2225 3755 and
2254 3722 2321 3755 an
2354 3713 2537 3754 affirm-

432 3780 618 3832 during
645 3782 733 3826 the
758 3779 1054 3831 consulship
1081 3781 1136 3822 ot
1161 3781 1225 3822 M.
1255 3781 1436 3822 Livius
1538 3782 1675 3822 ative
1708 3781 1879 3822 clause
1911 3779 1956 3820 it
1989 3779 2035 3820 is
2071 3781 2126 3820 to
2160 3779 2219 3820 be
2254 3779 2535 3820 translated

434 3843 694 3889 Salinator
709 3847 810 3889 and
828 3846 884 3887 L.
899 3845 1145 3887 Aemilius
1161 3846 1363 3892 Paulus,
1381 3846 1437 3887 in
1540 3848 1638 3886 “bu
1645 3850 1676 3886 t.
1686 3847 1714 3865 ⁹·
