2967 4384
1013 653 1394 770 ΤΙΤΙ
1482 653 1888 771 LIVI

887 892 1026 957 AB
1111 892 1421 958 URBE
1506 881 2028 958 CONDITA

1148 1149 1405 1210 LIBER
1485 1151 1766 1212 XXXIX

576 1284 680 1344 LI.
726 1284 830 1345 Ad
859 1283 1162 1344 Prusiam
1191 1301 1412 1362 regem
1441 1285 1697 1363 legatus
1727 1285 1797 1346 T.
1832 1285 2175 1364 Quinctius
2206 1287 2493 1348 Flamin·
2528 1290 2559 1339 i

404 1383 556 1444 inus
602 1383 805 1460 venit,
857 1400 1054 1461 quem
1098 1390 1480 1461 suspectum
1525 1384 1845 1446 Romanis
1890 1392 1953 1447 et
1997 1393 2299 1464 receptus
2348 1394 2492 1465 post

403 1482 637 1562 fugam
670 1483 978 1544 Antiochi
1012 1483 1352 1544 Hannibal
1388 1489 1452 1545 et
1491 1485 1737 1567 bellum
1772 1485 2091 1547 adversus
2126 1489 2494 1548 Eumenem

405 1588 666 1643 motum
699 1581 1008 1644 faciebat.
1099 1582 1201 1643 Ibi
1237 1600 1354 1645 seu
1396 1584 1550 1661 quia
1586 1603 1627 1645 a
1664 1585 2035 1646 Flaminino
2072 1587 2242 1648 inter
2278 1594 2493 1649 cetera
2527 1583 2562 1632 2

406 1683 740 1744 obiectum
778 1682 1044 1744 Prusiae
1099 1689 1259 1761 erat,
1314 1684 1656 1745 hominem
1694 1685 1993 1746 omnium
2045 1687 2155 1763 qui
2196 1687 2496 1748 viverent

405 1782 912 1844 infestissimum
939 1784 1183 1861 populo
1202 1783 1508 1845 Romano
1536 1785 1719 1862 apud
1744 1803 1897 1846 eum
1920 1804 2081 1863 esse,
2107 1787 2217 1864 qui
2247 1787 2493 1864 patriae

405 1899 563 1943 suae
628 1883 939 1960 primum,
978 1882 1212 1945 deinde
1250 1883 1476 1945 fractis
1522 1883 1664 1945 eius
1713 1884 1951 1962 opibus
1988 1886 2315 1946 Antiocho
2360 1887 2496 1965 regi

406 1989 640 2044 auctor
684 1982 836 2043 belli
878 1982 1199 2044 adversus
1273 1985 1595 2062 populum
1656 1984 2039 2045 Romanum
2080 1986 2332 2062 fuisset,
2375 2001 2492 2047 seu
2528 1987 2563 2036 3

413 2082 566 2159 quia
602 2081 740 2160 ipse
778 2082 1063 2160 Prusias,
1107 2089 1181 2144 ut
1219 2083 1699 2162 gratificaretur
1751 2085 2076 2162 praesenti
2120 2086 2490 2146 Flaminino

404 2181 879 2260 Romanisque,
923 2201 1036 2260 per
1072 2200 1138 2243 se
1177 2182 1459 2244 necandi
1497 2189 1614 2245 aut
1648 2185 1957 2245 tradendi
1994 2185 2133 2246 eius
2170 2186 2239 2245 in
2281 2192 2495 2264 potes-

402 2286 613 2343 tatem
649 2281 998 2342 consilium
1033 2281 1227 2360 cepit,
1247 2301 1288 2343 a
1319 2283 1531 2360 primo
1568 2283 1897 2362 colloquio
1935 2284 2288 2346 Flaminini
2324 2285 2495 2346 mili-

402 2386 502 2442 tes
539 2383 866 2460 extemplo
902 2383 990 2443 ad
1031 2383 1304 2442 domum
1339 2382 1735 2444 Hannibalis
1772 2385 2277 2446 custodiendam
2309 2385 2494 2446 missi

402 2488 579 2544 sunt.
671 2480 939 2560 Semper
977 2483 1182 2543 talem
1221 2482 1472 2543 exitum
1514 2482 1689 2544 vitae
1730 2500 1887 2546 suae
1930 2485 2269 2546 Hannibal
2311 2502 2493 2564 pros·
2526 2486 2564 2536 4

408 2587 672 2658 pexerat
716 2580 941 2642 animo
986 2588 1050 2643 et
1094 2581 1555 2643 Romanorum
1597 2583 1993 2660 inexpiabile
2039 2585 2269 2645 odium
2311 2585 2381 2645 in
2424 2603 2493 2646 se

405 2698 678 2743 cernens
726 2689 789 2744 et
837 2684 993 2744 fidei
1040 2701 1273 2763 regum
1319 2684 1484 2745 nihil
1532 2703 1691 2745 sane
1740 2686 1975 2763 fretus3
2020 2686 2286 2747 Prusiae
2337 2703 2493 2747 vero

402 2781 746 2843 levitatem
795 2782 996 2844 etiam
1046 2790 1350 2861 expertus
1401 2790 1541 2846 erat
1592 2784 2077 2867 Flamininique
2127 2786 2495 2847 adventum

408 2880 589 2941 velut
612 2880 887 2943 fatalem
909 2882 1036 2944 sibi
1059 2883 1424 2946 horruerat.
1872 2941 1883 2947 ,

574 2981 678 3040 Ad
726 2982 949 3042 omnia
994 2983 1291 3061 undique
1338 2983 1581 3045 infesta
1627 2990 1700 3045 ut
1746 2983 1870 3046 iter
1915 3002 2175 3063 semper
2221 2985 2494 3063 aliquod
2529 2992 2562 3043 5

407 3088 878 3158 praeparatum
910 3082 1108 3162 fugae
1145 3084 1440 3160 haberet,
1479 3091 1734 3161 septem
1770 3085 1980 3147 exitus
2017 3104 2050 3146 e
2093 3087 2289 3146 domo
2324 3087 2496 3147 fece-

403 3187 506 3241 rat
545 3187 608 3241 et
647 3199 726 3242 ex
762 3182 841 3243 iis
885 3184 1210 3260 quosdam
1248 3186 1560 3260 occultOS,
1601 3203 1682 3246 ne
1722 3185 2024 3246 custodia
2061 3187 2491 3264 saepirentur.

415 3296 510 3303 .—

552 3359 638 3404 LI.
690 3359 871 3404 Death
888 3362 950 3405 of
961 3361 1247 3406 Hannibal.
1546 3365 1590 3407 3.
1646 3373 1746 3415 per
1766 3374 1845 3411 80:
1876 3374 2009 3406 =8ua
2028 3365 2204 3414 81702286-
2262 3374 2297 3409 a
2315 3366 2494 3416 Primo

456 3428 500 3470 1.
555 3427 808 3473 Prusiam
832 3437 1038 3481 regem:
1067 3430 1200 3470 atter
1218 3431 1305 3471 the
1321 3430 1398 3470 de-
1494 3430 1794 3480 eolloquio:
1826 3432 2203 3483 “immediately
2242 3434 2374 3472 atter
2409 3433 2495 3472 the

401 3494 510 3535 teat
535 3496 589 3535 ot
612 3496 910 3546 Antiochus,
931 3497 1189 3538 Hannibal
1218 3498 1313 3537 fied
1345 3502 1398 3537 to
1493 3497 1607 3537 flrst,
1625 3499 1937 3540 interview.”

400 3562 490 3602 the
521 3566 671 3603 court.
711 3563 767 3604 ot
806 3562 1032 3609 Prusias,
1069 3563 1197 3614 king
1230 3565 1286 3603 oi'
1321 3565 1398 3603 Bi·
1541 3565 1589 3608 4.
1647 3565 1797 3609 fidei:
1841 3565 2112 3616 especially
2145 3565 2201 3606 in
2236 3566 2323 3606 the
2355 3566 2494 3616 early

400 3627 597 3678 thyma,
618 3629 733 3669 who
748 3637 856 3670 was
883 3633 940 3670 at,
955 3630 1042 3670 the
1059 3631 1184 3671 time
1196 3630 1399 3680 waging
1495 3631 1667 3677 books,
1705 3632 1835 3682 Livy
1869 3641 1985 3673 uses
2022 3634 2108 3673 the
2142 3633 2315 3674 dative
2357 3641 2496 3672 more

399 3702 509 3736 war
526 3695 730 3746 against
741 3695 1059 3746 Eumenesjot
1073 3697 1396 3747 Pergamum,
1496 3698 1781 3747 frequently
1816 3699 1945 3738 than
1980 3700 2067 3739 the
2104 3699 2327 3740 ablative
2369 3701 2495 3740 with

401 3769 470 3804 an
489 3761 592 3814 any
608 3763 662 3802 oi
681 3763 766 3803 the
785 3762 1019 3804 Romans.
1486 3762 1663 3812 fretus.

1408 3830 1482 3870 173
