2967 4384
359 257 536 326 v.1e]
1176 255 1408 336 unna
1441 255 1641 311 xxm
2351 252 2457 308 107

360 431 581 490 sulam
644 430 796 506 fert,
865 429 935 491 C.
1004 428 1278 490 Fulvius
1345 429 1621 489 Flaccus
1686 429 1943 506 legatus
2011 442 2165 488 cum
2230 425 2458 487 sociali

360 529 666 606 equitatu
713 527 1005 591 constitit
1052 546 1087 589 e
1135 527 1399 606 regione
1447 527 1751 588 Volturni
1798 527 2036 588 amniS.
2126 525 2458 586 Proelium
2487 533 2524 586 9

360 645 497 689 non
541 628 733 690 solito
778 628 980 688 modo
1026 629 1312 690 clamore
1359 645 1435 689 ac
1480 629 1775 689 tumultu
1818 632 1917 688 est
1962 631 2293 704 coeptum,
2340 625 2458 686 sed

359 728 449 789 ad
489 727 697 789 alium
737 727 1055 805 virorum,
1097 744 1424 806 equorum
1463 744 1934 806 armorumque
1966 743 2207 788 sonum
2238 725 2459 803 dispo-

359 827 488 890 sita
537 826 608 888 in
659 827 866 889 muris
919 828 1417 905 Campanorum
1467 827 1729 888 inbellis
1781 827 2139 888 multitudo
2189 830 2458 887 tantum

360 943 514 987 cum
555 927 725 988 aeris
768 927 1044 1004 crepitu,
1093 926 1306 1004 qualis
1346 927 1416 986 in
1464 924 1724 987 defectu
1764 927 1961 1005 lunae
2005 925 2221 987 silenti
2262 931 2455 987 nocte

359 1027 513 1088 cieri
548 1029 735 1104 solet,
774 1027 982 1088 edidit
1019 1028 1401 1103 clamorem,
1439 1032 1515 1087 ut
1551 1032 1876 1088 averteret
1915 1026 2118 1088 etiam
2156 1043 2457 1105 pugnan-

357 1128 529 1187 tium
563 1127 843 1190 animOS.
934 1128 1312 1206 Campanos
1347 1126 1541 1189 facile
1579 1146 1619 1188 a
1656 1127 1832 1188 vallo
1866 1127 2123 1205 Appius
2158 1126 2456 1203 arcebat3
2490 1132 2563 1184 1ο

358 1227 572 1289 maior
618 1227 720 1289 vis
766 1226 854 1288 ab
902 1230 1112 1289 altera
1162 1234 1346 1305 parte
1395 1227 1708 1288 Fulvium
1754 1227 2094 1288 Hannibal
2140 1233 2205 1288 et
2251 1226 2455 1287 Poeni
2490 1230 2559 1280 11

358 1325 706 1404 urgebant.
795 1325 994 1406 Legio
1029 1325 1124 1388 ibi
1164 1332 1349 1388 sexta
1383 1328 1529 1388 loco
1567 1325 1780 1403 cessit,
1824 1343 1954 1404 qua
1991 1327 2182 1404 pulsa
2218 1326 2454 1388 cohors

314 1429 316 1432 ’
356 1427 813 1504 Hispanorum
871 1444 1027 1489 cum
1081 1426 1296 1489 tribus
1354 1426 1725 1506 elephantis
1781 1444 1993 1504 usque
2052 1427 2140 1488 ad
2198 1427 2453 1488 vallum

363 1526 673 1605 pervasit,
721 1531 1123 1605 ruperatque
1171 1526 1465 1588 mediam
1513 1526 1725 1588 aciem
1769 1526 2228 1587 Romanorum
2273 1533 2337 1588 et
2383 1526 2453 1586 in

357 1627 631 1704 ancipiti
675 1645 790 1705 spe
837 1645 914 1688 ac
965 1627 1254 1706 periculo
1300 1633 1463 1703 erat,
1510 1632 1739 1688 utrum
1780 1626 1851 1686 in
1896 1633 2112 1688 castra
2159 1643 2455 1704 perrum-

360 1733 541 1805 peret
601 1744 690 1788 an
749 1727 1299 1789 intercluderetur
1359 1744 1401 1787 a
1461 1727 1620 1788 suis.
1710 1726 1922 1805 Quem
1987 1743 2304 1804 pavorem
2363 1727 2455 1787 le·
2488 1729 2561 1782 12

357 1825 569 1905 gionis
659 1826 1155 1905 periculumque
1245 1831 1615 1888 castrorum
1699 1824 1972 1886 Fulvius
2058 1824 2175 1886 ubi
2262 1825 2453 1904 vidit,

356 1927 432 2006 Q.
479 1926 770 1988 Navium
840 1926 1289 2006 primoresque
1359 1926 1525 1988 alios
1593 1925 2061 1987 centurionum
2125 1926 2452 2003 hortatur,

354 2032 431 2088 ut
484 2027 825 2088 cohortem
875 2026 1170 2087 hostium
1222 2026 1347 2087 sub
1403 2027 1579 2088 vallo
1637 2030 2044 2104 pugnantem
2094 2025 2454 2090 invadant:

354 2126 425 2187 in
471 2144 734 2188 summo
784 2125 1159 2188 discrimine
1207 2143 1350 2187 rem
1395 2126 1595 2203 verti;
1640 2132 1759 2187 aut
1805 2125 1988 2187 viam
2038 2127 2330 2188 dandam
2373 2127 2453 2188 iis
2488 2133 2560 2186 13

356 2243 519 2302 esse,
543 2232 607 2287 et
631 2225 885 2288 minore
910 2232 1178 2303 conatu,
1209 2240 1413 2305 quam
1436 2226 1845 2288 condensam
1865 2225 2077 2288 aciem
2099 2226 2451 2304 rupissent,

355 2327 426 2387 in
480 2332 697 2388 castra
748 2325 1156 2404 inrupturOS,
1211 2331 1328 2387 aut
1382 2325 1826 2388 conficiendos
1879 2326 2004 2388 sub
2060 2328 2236 2388 vallo
2288 2345 2450 2389 esse.

353 2427 485 2487 Nec
528 2424 756 2505 magni
797 2425 1177 2488 certaminis
1208 2444 1350 2488 rem
1391 2427 1561 2489 fore:
1610 2444 1855 2505 paucos
1896 2443 2036 2488 esse
2079 2432 2144 2488 et
2187 2425 2273 2488 ab
2316 2427 2453 2488 suis
2488 2441 2561 2493 14

354 2525 765 2602 interclusos,
813 2532 877 2588 et
929 2543 1120 2604 quae,
1174 2526 1333 2587 dum
1381 2532 1623 2604 paveat
1669 2526 2036 2602 RomanuS‚
2083 2525 2455 2605 interrupta

356 2626 530 2688 acies
579 2626 906 2703 videatur,
957 2644 1129 2703 eam,
1180 2627 1236 2688 si
1284 2645 1351 2688 se
1401 2625 1736 2704 utrimque
1786 2627 1855 2687 in
1902 2627 2165 2688 hostem
2213 2633 2450 2704 vertat,

357 2724 630 2804 ancipiti
695 2743 919 2805 pugna
980 2725 1238 2788 medios
1305 2725 1935 2788 circumventuram.
2023 2725 2274 2788 Navius
2334 2726 2453 2787 ubi
2488 2735 2558 2788 15

356 2825 523 2886 haec
570 2824 986 2904 imperatoris
1036 2825 1212 2887 dicta
1258 2825 1535 2903 accepit,
1581 2826 1854 2888 secundi
1898 2826 2145 2888 hastati
2188 2827 2459 2906 signum-

357 2925 751 3002 ademptum
783 2925 1096 3002 signifero
1131 2925 1202 2985 in
1234 2925 1444 2986 hostis
1477 2924 1698 3002 infert,
1732 2925 2065 2988 iacturum
2095 2926 2166 2987 in
2198 2927 2453 2989 medios

356 3042 468 3086 eos
519 3025 858 3102 minitanS,
911 3025 982 3085 ni
1032 3043 1100 3086 se
1157 3043 1430 3103 propere
1482 3043 1550 3087 se
1561 3032 1847 3103 quantur
1895 3027 2137 3089 milites
2187 3034 2250 3089 et
2306 3044 2455 3105 par-

355 3130 493 3186 tem
551 3129 900 3201 capessant
959 3140 1242 3214 pugnae.
1332 3124 1576 3203 Ingens
1632 3142 1871 3202 corpus
1926 3131 2088 3202 erat,
2146 3133 2209 3187 et
2265 3145 2454 3188 arma
2488 3130 2559 3182 16

355 3222 824 3300 honestabant,
880 3229 945 3285 et
997 3222 1342 3285 sublatum
1393 3225 1525 3285 alte
1580 3223 1845 3303 signum
1898 3232 2313 3288 converterat
2366 3228 2452 3288 ad

1513 3454 1592 3499 13.
1649 3463 1815 3506 quam
1834 3487 1846 3500 .
1872 3486 1885 3500 .
1908 3487 1921 3501 .
1942 3455 2252 3507 rupissent:
2289 3467 2356 3498 an
2390 3458 2454 3499 el-

1459 3521 1655 3572 liptical
1672 3523 1986 3573 express10n;
2014 3523 2166 3564 “with
2194 3525 2291 3565 less
2309 3525 2455 3566 effort,

407 3455 454 3500 9.
511 3454 603 3499 ad:
621 3453 705 3495 “in
721 3454 951 3495 addition
963 3455 1066 3495 to.”
1109 3453 1350 3499 defectu:

359 3521 622 3574 “eclipse.”
675 3522 778 3561 'Phe
801 3521 944 3562 noise
969 3530 1075 3563 was
1102 3522 1350 3571 supposed

357 3593 412 3630 to
439 3589 555 3640 give
583 3589 1008 3638 encouragement
1037 3592 1092 3628 to
1123 3587 1272 3628 Luna
1297 3587 1353 3627 in

357 3658 447 3696 her
489 3655 744 3706 struggles
779 3654 905 3695 with
941 3655 1027 3694 the
1070 3663 1264 3703 powers
1299 3654 1353 3693 or

356 3723 612 3764 darkness.
669 3720 866 3766 silenti
901 3719 1087 3764 nocte:
1121 3719 1353 3760 :silentio

357 3788 517 3829 noctis.

409 3856 488 3900 12.
542 3853 713 3900 verti;
751 3853 916 3895 oratio
948 3853 1166 3904 obliqua.

1461 3589 1588 3628 than
1630 3590 1746 3628 that
1796 3589 1921 3629 with
1973 3590 2139 3631 which
2191 3592 2309 3641 they
2354 3592 2453 3632 had

1459 3655 1650 3694 broken
1666 3656 1901 3704 through.
1912 3657 1939 3676 ’⁹

1514 3721 1593 3764 14.
1646 3729 1789 3766 eam:
1810 3732 1874 3763 sc.
1898 3721 2057 3762 aciem.

1513 3787 1591 3830 15.
1647 3787 1877 3831 secundi
1928 3788 2168 3832 hastath
2220 3790 2306 3844 the
2348 3789 2454 3832 hae-

1462 3852 1589 3892 tatue
1608 3855 1661 3894 ot
1681 3856 1764 3894 the
1785 3856 1964 3895 second
1982 3856 2216 3906 maniplo.
