2967 4384
355 250 496 307 xliv.
523 251 582 319 4]
1179 249 1409 308 mna
1441 249 1620 306 xxn
2376 249 2450 305 ‘19

355 424 572 486 fectus
614 431 713 488 est
753 431 947 487 nocte
987 422 1253 502 ignibus
1293 422 1593 486 similiter
1631 419 1828 486 factis
1868 421 2446 501 tabernaculisque

362 524 592 603 paucis
618 524 692 585 in
717 525 1006 603 speciem
1034 524 1298 601 relictiS,
1327 530 1403 585 ut
1428 523 1824 586 insidiarum
1856 541 1974 602 par
2005 522 2202 601 priori
2231 529 2446 584 metus

359 625 726 688 contineret
751 626 1115 688 Romanos,
1209 625 1335 689 Sed
1368 643 1480 704 per
1509 626 1853 687 Lucanum
1885 623 2218 688 Statilium
2235 623 2445 685 omni·
2484 635 2519 687 7

362 726 486 786 bus
516 725 693 788 ultra
723 731 941 788 castra
971 731 1286 804 transque
1317 723 1564 787 montis
1594 724 1947 804 exploratis
1980 741 2134 786 eum
2162 723 2446 785 relatum

358 832 552 905 esset,
591 825 809 888 visum
848 825 1074 904 procul
1108 824 1403 888 hostium
1437 842 1701 904 agmen,
1736 831 1883 887 tum
1921 824 2001 886 de
2034 822 2443 903 insequendo

358 943 438 988 eo
479 925 752 988 consilia
790 925 1028 1004 agitari
1068 931 1325 1004 coepta.
1416 926 1585 988 Cum
1623 924 1969 1004 utriusque
2010 922 2295 986 consulis
2335 941 2443 985 ea·
2477 929 2516 982 8
2618 983 2623 989 .

364 1026 536 1104 dem,
581 1044 748 1106 quae
786 1033 942 1090 ante
979 1043 1240 1105 semper
1273 1025 1529 1104 fuisset,
1568 1024 1916 1103 sententia,
1955 1031 2248 1087 ceterum
2283 1025 2443 1086 Var-

358 1125 505 1187 roni
543 1127 681 1189 fere
726 1136 979 1205 omneS',
1022 1127 1228 1189 Paulo
1270 1143 1468 1188 nemo
1494 1133 1772 1204 praeter
1818 1124 2167 1189 Servilium
2213 1123 2443 1203 prioris

356 1226 519 1288 anni
560 1226 899 1290 consulem
937 1226 1402 1305 adsentiretur,
1441 1244 1524 1288 ex
1562 1225 1831 1288 maioris
1876 1224 2078 1304 partis
2117 1224 2442 1287 sententia
2478 1235 2514 1286 9

355 1327 446 1388 ad
480 1326 931 1390 nobilitandas
953 1326 1139 1389 clade
1175 1327 1483 1389 Romana
1512 1327 1774 1388 Cannas
1808 1332 2081 1405 urgente
2114 1325 2256 1388 fato
2297 1343 2442 1404 pro-

353 1427 513 1490 fecti
545 1434 723 1490 sunt.
812 1429 1023 1506 Prope
1057 1444 1212 1489 eum
1250 1425 1472 1489 vicum
1507 1425 1846 1489 Hannibal
1880 1433 2096 1489 castra
2136 1431 2442 1504 posuerat
2477 1439 2545 1490 ιο

354 1545 594 1590 aversa
639 1545 682 1590 a
729 1527 1050 1590 Volturno
1101 1533 1322 1605 vente,
1375 1526 1490 1607 qui
1537 1526 1790 1606 campis
1838 1525 2099 1590 torridis
2148 1525 2440 1588 siccitate

354 1626 568 1689 nubes
635 1627 922 1707 pulveris
985 1626 1186 1689 vehit.
1275 1627 1354 1688 Id
1417 1645 1571 1688 cum
1630 1625 1791 1705 ipsis
1853 1626 2082 1688 castris
2147 1643 2442 1704 percom-
2474 1641 2540 1692 11

353 1727 634 1789 modum
666 1727 818 1806 fuit,
854 1734 1001 1790 tum
1035 1728 1324 1790 salutare
1364 1726 1714 1807 praecipue
1747 1727 2051 1789 futurum
2086 1734 2248 1805 erat,
2288 1744 2440 1788 cum

352 1826 567 1888 aciem
636 1826 1009 1905 dirigerent,
1072 1826 1202 1905 ipsi
1266 1825 1507 1905 aversi,
1570 1831 1756 1904 terga
1818 1832 2084 1888 tantum
2147 1825 2439 1888 adflante

329 1935 578 2005 ·vento,
617 1927 689 1987 in
729 1933 1153 1989 occaecatum
1196 1926 1466 2005 pulvere
1506 1926 1721 1988 offuso
1760 1928 2020 1990 hostem
2063 1925 2437 2005 pugnaturi.

522 2028 747 2090 XLIV.
795 2006 1111 2089 Co⁹nsules
1141 2026 1318 2102 ‚satis
1363 2026 1721 2105 exploratis
1766 2026 2112 2104 itineribus
2159 2045 2228 2089 se
2236 2044 2437 2106 quen·
2474 2049 2508 2102 1

350 2133 449 2190 tes
491 2129 811 2205 Poenum,
853 2133 930 2190 ut
972 2132 1248 2189 ventum
1289 2126 1378 2188 ad
1421 2126 1686 2188 Cannas
1726 2133 1826 2190 est
1866 2133 1931 2189 et
1969 2125 2040 2186 in
2082 2133 2439 2205 conspectu

348 2229 648 2290 Poenum
691 2225 1054 2306 habebant,
1104 2226 1260 2289 bina
1303 2233 1522 2290 castra
1566 2227 2029 2290 communiunt
2070 2226 2242 2291 sicut
2282 2233 2436 2289 ante

348 2325 554 2405 copiis
603 2326 850 2390 divisis·
939 2327 1218 2389 Aufidus
1259 2326 1478 2389 amnis
1522 2325 1819 2406 utrisque
1863 2325 2093 2389 castris
2135 2326 2435 2389 adfluens
2472 2343 2507 2396 2

347 2426 608 2489 aditum
639 2427 1074 2506 aquatoribus
1109 2444 1189 2489 ex
1221 2445 1343 2489 sua
1378 2426 1697 2506 cuiusque
1733 2427 2226 2506 opportunitate
2253 2427 2435 2489 haud
2470 2455 2474 2459 ·

347 2525 488 2588 sine
519 2527 879 2589 certamine
915 2526 1146 2605 dabat3
1191 2544 1271 2588 ex
1298 2526 1671 2589 minoribus
1700 2534 1929 2591 tamen
1959 2528 2211 2606 castriS,
2267 2545 2435 2607 quae
2473 2547 2510 2597 3

351 2625 564 2704 posita
589 2633 774 2689 trans
800 2627 1117 2690 Aufidum
1141 2633 1353 2705 erant,
1378 2626 1651 2689 liberius
1674 2627 2100 2706 aquabantur
2125 2627 2433 2706 Romani,

351 2726 505 2804 quia
546 2726 693 2806 ripa
733 2728 1004 2792 ulterior
1041 2728 1302 2789 nullum
1341 2727 1637 2790 habebat
1658 2728 1968 2790 hostium
2011 2728 2430 2806 praesidium.

347 2826 688 2889 Hannibal
710 2845 899 2907 spem
921 2835 1204 2890 nanctus
1225 2827 1387 2889 locis
1409 2827 1586 2891 natis
1607 2828 1696 2890 ad
1719 2836 2093 2908 equestrem
2118 2845 2432 2908 pugnam,
2461 2847 2499 2897 4

351 2944 482 3005 qua
511 2933 696 3005 parte
723 2926 966 2989 virium
987 2927 1278 2989 invictus
1294 2933 1457 3004 erat,
1490 2926 1785 2991 facturos
1811 2927 2074 3007 copiam
2094 2926 2433 3008 pugnandi

347 3026 671 3106 consuleS,
701 3027 932 3106 derigit
961 3027 1175 3090 aciem
1203 3026 1597 3106 lacessitque
1619 3027 2061 3110 Numidarum
2092 3045 2431 3107 procursa-

400 3243 446 3287 6.
503 3241 704 3293 priori:
725 3253 791 3285 sc.
813 3241 969 3284 metui.
1440 3244 1672 3285 numeral
1690 3243 1813 3286 used
1825 3243 2025 3286 instead
2040 3245 2093 3286 oi
2109 3245 2194 3286 the
2206 3242 2431 3286 cardinal

401 3311 446 3354 8.
503 3318 713 3355 omnes:
741 3321 807 3352 sc.
828 3309 1195 3352 adsentirentur.
1440 3311 1567 3351 with
1584 3321 1614 3352 a
1634 3321 1787 3358 noun.
1808 3313 1893 3353 the
1912 3312 2079 3362 plural
2092 3312 2145 3352 of
2163 3311 2326 3352 which
2340 3312 2432 3352 has

399 3377 446 3421 9.
501 3377 736 3429 urgente
800 3376 942 3422 tato:
1000 3387 1032 3420 a.
1084 3375 1346 3429 Vergman
1439 3387 1470 3418 a
1506 3377 1737 3429 singular
1768 3378 2023 3429 meaning.
2074 3379 2179 3419 The
2212 3382 2313 3419 two
2341 3378 2431 3418 Ro-

346 3443 544 3495 phrase.
597 3444 668 3486 Ct.
689 3442 801 3484 Aen.
822 3446 860 3484 Β.
882 3445 969 3486 ⁶5³.
1437 3453 1561 3486 man
1588 3455 1763 3497 campa
1789 3454 1918 3487 were
1946 3455 2014 3486 on
2041 3444 2274 3496 opposite
2299 3444 2431 3486 sides

400 3511 479 3554 10.
532 3509 858 3555 Volturnus:
873 3512 958 3552 the
977 3510 1193 3558 Sironem
1207 3520 1238 3552 a
1253 3510 1345 3552 hot.
1436 3513 1493 3552 ot
1512 3512 1597 3553 the
1612 3512 1763 3553 river.

345 3576 483 3617 wind
522 3576 745 3628 blowing
787 3578 922 3618 irom
949 3579 1036 3618 the
1061 3578 1339 3619 southeast.
1485 3579 1537 3622 3.
1590 3586 1660 3622 ox
1708 3577 2019 3623 minoribus
2072 3576 2301 3623 castris:
2346 3579 2431 3618 the

347 3642 451 3684 For
477 3653 509 3684 a
529 3643 813 3685 discussion
842 3645 898 3684 oi
923 3645 1011 3685 the
1037 3644 1262 3694 position
1289 3645 1344 3685 ot
1434 3645 1643 3686 smaller
1677 3645 1876 3686 Roman
1910 3655 2060 3696 camp
2101 3655 2207 3686 was
2241 3654 2310 3684 on
2344 3645 2432 3684 the

346 3711 435 3751 the
475 3718 668 3761 campe,
703 3719 785 3752 see
827 3710 1042 3761 Dodge’s
1077 3709 1338 3759 Hannibal,
1433 3713 1589 3752 north
1608 3709 1734 3759 side;
1774 3713 1860 3753 the
1876 3711 2243 3761 Cartbaginian
2261 3719 2328 3752 on
2346 3711 2431 3751 the

345 3776 500 3827 chap.
518 3777 581 3817 27.
1431 3778 1587 3820 south
1604 3776 1711 3819 side
1726 3779 1781 3819 ot
1798 3778 1884 3819 the
1899 3778 2047 3820 river.

396 3842 562 3888 xmv
630 3843 680 3892 1.
730 3842 885 3890 hina:
905 3844 990 3886 the
1013 3843 1339 3886 distributive
